3096 4874
593 365 809 430 ..37-

130 535 234 603 tentio
269 555 335 600 non
372 534 579 600 confirmatur
601 536 697 602 titulo
720 538 850 604 Rhodio
875 541 1061 622 nuperrime
1085 563 1105 606 a
1128 544 1268 610 Roehlio

130 640 222 706 edito
233 640 262 722 1λ,
292 640 325 704 in
356 658 420 721 quo
454 641 494 704 10
520 646 688 723 praetores
716 648 749 708 et
772 644 790 707 7
816 650 1005 726 quaestores
1029 649 1269 714 enumerantur.

130 743 272 810 Omnino
296 748 329 809 et
351 749 538 825 praetorum
556 749 589 808 et
604 751 814 826 quaestorum
829 766 983 813 numerus
997 748 1143 834 fluctuat,
1160 771 1271 834 quam·

126 867 229 931 quam
259 866 419 928 nusquam
442 846 614 930 pauciores
636 854 808 931 praetores
830 870 927 932 quam
953 852 994 917 10
1017 860 1074 917 aut
1096 853 1271 936 pauciores

130 957 301 1035 praetores
324 970 422 1032 quam
445 953 465 1016 5
487 952 706 1017 inveniuntur.

221 1053 438 1130 Quaestorum
465 1073 602 1118 munera
630 1073 690 1138 per
719 1054 849 1136 singula
872 1054 1014 1122 describi
1037 1076 1102 1121 non
1124 1065 1270 1140 possuntt

129 1143 394 1223 Consentaneum
419 1160 468 1221 est
490 1162 681 1238 quaestores
702 1156 904 1240 reipublicae
927 1157 1057 1224 aerario
1074 1149 1268 1244 praefuisse,

130 1264 166 1328 in
194 1274 258 1342 'quo
288 1257 414 1324 scilieet
437 1258 638 1324 Rhodiorum
660 1259 864 1342 reipublicae
888 1261 1036 1344 potentia
1058 1262 1165 1344 posita
1188 1270 1268 1328 eret.

130 1365 248 1446 Neque
277 1362 360 1427 haec
388 1381 442 1427 res
470 1361 552 1426 mira
581 1361 688 1428 videri
715 1368 837 1445 potest,
876 1383 948 1428 cum
978 1364 1098 1429 Rhodii
1127 1366 1269 1431 omnium

132 1467 337 1534 Graecorum
369 1464 520 1530 ditissimi
551 1464 719 1551 fuerint2).
773 1466 976 1550 Replebatur
1002 1469 1166 1534 aerarium
1195 1489 1270 1552 pro-

133 1570 315 1636 vinciarum
350 1567 481 1633 tributis
509 1569 692 1650 ceterisque
721 1569 950 1652 vectigalibus.
1008 1570 1131 1635 Horum
1160 1578 1270 1638 antem

130 1672 344 1758 vectigalium
385 1671 564 1736 maximum
594 1671 656 1736 suit
685 1670 873 1753 ἐλλιμένιον
902 1671 1002 1756 illud,
1035 1673 1124 1756 quod
1151 1674 1269 1741 floren·

130 1779 220 1845 tibus
243 1776 385 1842 civitatis
407 1775 609 1859 temporibus
633 1775 743 1842 decies
766 1777 913 1842 centenis
937 1777 1163 1843 drachmarum
1186 1778 1270 1842 mili-

130 1883 197 1947 bus
219 1879 394 1964 quotannis
408 1878 596 1963 publicanis
611 1879 832 1960 leuabatur3).
861 1880 997 1946 Praeter
1011 1881 1073 1945 hoe
1088 1881 1269 1963 portorium

133 1983 259 2049 reditus
297 1981 421 2067 publici
456 2003 473 2049 e
511 1981 641 2047 tributis
674 1982 920 2066 provinciarum
955 1983 1158 2048 constabant.
1215 1981 1269 2048 Sie

135 2088 221 2152 duae
250 2087 349 2153 urbes
373 2086 505 2152 Caunus
527 2086 674 2152 Peraeae
704 2092 737 2153 et
759 2085 967 2151 Stratonicea
990 2085 1107 2150 Cariae
1130 2093 1269 2169 quotan-

129 2190 184 2256 nis
219 2192 282 2256 120
315 2193 441 2256 talenta
471 2189 600 2256 aerario
636 2188 836 2255 Rhodiorum
872 2186 1092 2273 solvebautil.
1144 2189 1269 2255 Eodem

129 2294 229 2360 modo
265 2295 392 2360 insulae
427 2313 539 2358 eorum
573 2292 711 2375 imperio
748 2299 966 2376 agnoscentes
993 2293 1117 2358 tributa
1146 2292 1269 2376 pende·

128 2400 220 2482 bant,
238 2397 325 2482 quod
349 2397 479 2483 quidem
504 2398 544 2463 de
567 2397 675 2488 Pharo
698 2397 808 2463 insula
831 2397 1004 2481 constat4).

218 2503 354 2568 Praeter
390 2502 449 2567 hos
488 2509 693 2584 quaestores,
733 2501 790 2581 qui
827 2500 1028 2566 Rhodiorum
1066 2501 1269 2584 reipublicae

128 2605 260 2670 aerario
287 2610 472 2689 praeerant,
496 2605 529 2668 in
552 2603 691 2688 siugulis
707 2625 839 2688 queque
855 2605 984 2670 insulae
1000 2605 1134 2671 urbibus
1149 2608 1268 2688 ταμίαι

127 2710 356 2793 nominantur,
388 2710 471 2794 qui,
490 2729 562 2774 eum
590 2709 705 2774 harum
735 2710 865 2775 urbium
894 2710 1082 2792 respublica
1110 2709 1144 2773 in
1168 2707 1270 2775 sacris

127 2820 327 2895 versaretur,
351 2820 524 2897 propterea
549 2811 741 2898 ἱεροιαμλαι
764 2833 897 2896 quoque
920 2812 1163 2896 vocabantur5),
1182 2811 1270 2896 qued

128 2916 173 2982 de
196 2914 302 2981 Lindo
326 2923 358 2982 et
379 2916 523 2982 Nattaea
546 2915 681 2980 urbibus
704 2921 828 2981 eertum
852 2922 910 2980 est.

516 3070 537 3154 fi
560 3069 611 3138 15.
657 3069 708 3135 Ile
733 3069 877 3134 neribis.

216 3188 356 3270 Singula
383 3189 633 3272 magistratuum
662 3191 805 3274 collegia
834 3209 927 3254 suum
951 3189 1106 3271 quodque
1130 3190 1270 3255 scribam

128 3291 308 3368 habebant.
361 3290 512 3374 Quinque
547 3290 679 3374 quidem
715 3291 928 3375 collegiorum
958 3291 1086 3358 scribae
1109 3293 1144 3356 in
1167 3292 1271 3358 titulis

128 3393 396 3480 inveniuntur⁶):
420 3394 527 3460 scriba
543 3400 676 3459 senatus
692 3413 731 3458 ae
747 3400 933 3478 prytanum‚
950 3393 1058 3459 scriba
1073 3400 1269 3476 praetorum,

128 3497 240 3562 scriba
270 3508 493 3580 quaestorum,
524 3496 634 3562 scriba
656 3498 899 3580 episcoporum,
930 3497 1038 3562 scriba
1061 3494 1271 3579 ἐπιμελητῶν

126 3596 197 3662 τῶν
230 3603 345 3675 ξένων.
395 3601 434 3665 In
472 3601 569 3666 titulo
603 3600 745 3683 quodam
775 3599 903 3666 Rhodio
938 3621 959 3664 a
986 3603 1149 3667 Fouoarto
1180 3598 1268 3664 edito

127 3711 319 3788 praetorum
343 3710 375 3770 et
397 3711 610 3786 quaestorum
632 3724 717 3769 unus
741 3710 868 3768 tantum
892 3703 1000 3768 scriba
1015 3702 1196 3770 eommunis
1212 3698 1284 3766 no?

200 3875 228 3943 1)
246 3873 332 3943 Ruhl,
351 3873 422 3931 Mitt.
442 3874 468 3931 u
488 3874 515 3930 d.
535 3873 605 3928 Inst.
625 3873 658 3928 ll.

199 3960 228 4031 2)
247 3959 371 4028 Sallust,
391 3960 418 4014 d.
437 3960 466 4016 b.
486 3975 509 4015 c.
529 3959 582 4014 Dio
603 3959 667 4015 Chr.
686 3959 791 4027 Rhea,
811 3959 894 4014 Hom.
915 3957 1047 4026 Iliad.ll;
1065 3956 1145 4013 Pind.
1163 3957 1268 4026 olymp.

122 4047 249 4112 od.111;
269 4045 355 4101 Arist.
374 4045 467 4100 Rhoe.

200 4131 228 4200 3)
248 4129 348 4200 Polyb.
366 4131 408 4198 31,
430 4131 453 4184 1.

199 4217 228 4286 4)
249 4216 388 4271 Ammiau.
407 4216 531 4272 Marcell.
552 4216 595 4284 22,
615 4219 656 4272 10.

199 4302 227 4372 5)
245 4303 330 4370 Roas,
348 4301 423 4356 Heli.
442 4301 492 4369 233
512 4300 596 4357 Areh.
618 4301 696 4357 Auis.
715 4302 749 4372 11,
770 4319 797 4358 n.
816 4302 858 4367 11,
877 4300 895 4354 l.
914 4299 933 4354 l.

200 4387 228 4456 6)
246 4386 376 4442 Mittheil.
396 4392 450 4441 ete.
470 4386 490 4443 1.
507 4402 548 4457 o.;
567 4388 642 4442 Roas
660 4389 688 4443 J.
707 4386 739 4443 G.
758 4387 785 4442 J.
812 4385 872 4441 271.
