3096 4874
594 357 810 421 „31-

129 526 343 610 magistratus
373 525 475 594 luisse
505 546 544 592 ao
574 527 630 609 qui
658 525 693 590 in
723 525 828 592 titulis
851 529 1034 610 στρατηγοί
1053 527 1269 610 appellentur,

130 629 210 694 mihi
241 628 326 696 adeo
356 649 423 693 non
456 627 633 711 persuasit,
663 631 699 692 ut
723 635 837 694 contra
858 628 1061 694 nauarchum
1084 637 1117 696 ct
1139 631 1270 696 nomine

129 741 163 800 et
203 730 319 798 ordine
359 751 380 794 a
412 729 566 814 strategis
607 749 742 813 prorsus
781 729 947 796 diversum
986 729 1088 798 fuisse
1127 732 1269 799 credam.

131 835 257 914 Quodsi
287 833 373 900 inter
402 833 603 899 Rhodiorum
632 832 883 917 magistratuum
913 834 1055 916 collegia
1083 836 1271 902 nauarchus

129 959 195 1004 non
218 935 421 1016 nominatur,
451 935 529 1001 inde
558 935 640 1001 nihil
669 935 761 1002 aliud
790 935 883 1018 sequi
913 941 1035 1018 potest,
1060 955 1158 1019 quam
1182 939 1271 1021 quod

132 1040 347 1108 Paulsenium
381 1058 512 1121 quoque
548 1057 592 1106 ex
621 1038 754 1122 Polybii
790 1039 893 1123 10001)
929 1040 1126 1108 conclusisse
1160 1043 1269 1125 video,

136 1143 295 1210 nauarchi
324 1142 451 1208 muneri
475 1161 540 1207 non
563 1148 599 1207 ut
622 1148 838 1224 strategorum
861 1161 990 1225 semper
1011 1143 1154 1226 aliquam
1177 1167 1270 1229 prae-

132 1249 255 1314 fectum
278 1246 390 1328 fuisse,
414 1245 475 1311 sed
498 1246 699 1310 nauarchum
723 1245 839 1328 potius,
864 1253 975 1311 utres
998 1249 1189 1329 postularet,
1205 1271 1271 1316 non

129 1352 195 1417 nisi
223 1349 304 1418 belli
333 1349 536 1433 temporibus
565 1356 709 1435 creatum
739 1370 821 1416 esse.
867 1348 1018 1416 Ceterum
1041 1352 1140 1417 etiam
1163 1373 1271 1419 rerum

131 1455 306 1538 scriptores
338 1453 491 1520 videntur
519 1453 721 1520 Rhodiorum
756 1459 918 1534 strategos
949 1471 1162 1536 separasses
1190 1476 1271 1520 nau·
1384 1523 1387 1530 ,

75 1561 77 1566 ’
134 1559 250 1641 archo,
279 1558 314 1623 id
338 1557 428 1641 qnod
451 1559 633 1624 Foncartus
656 1563 766 1639 negat.
811 1557 983 1642 Appianus
1007 1557 1139 1638 quidem
1162 1559 1271 1624 Eudo-

130 1684 203 1729 rum
225 1661 391 1727 Rhodium
422 1661 537 1728 classis
565 1662 681 1728 ducem
712 1658 899 1746 στρατηγόν
929 1661 1120 1743 appellati),
1152 1661 1270 1728 ceteris

132 1786 212 1830 vero
242 1763 324 1830 locis
345 1762 550 1828 Rhodiorum
581 1765 696 1830 classis
719 1762 820 1829 duces
844 1762 1029 1851 ναυάρχους
1053 1765 1142 1830 dicit.
1187 1765 1270 1829 Item

137 1868 251 1932 Livius
284 1867 357 1932 aliis
389 1866 471 1932 locis
498 1867 700 1932 Rhodiorum
729 1867 845 1932 ducem
883 1870 1017 1946 ,classis
1045 1867 1268 1951 praefectum“

135 1970 157 2033 i.
182 1991 209 2035 e.
234 1967 398 2054 ναύαρχον
420 1969 569 2052 appellat
590 1968 649 2036 sed
672 1970 693 2033 l.
718 1967 761 2032 33
785 1988 812 2032 o.
839 1970 878 2034 18
901 1970 1153 2036 Praesistratum
1177 1990 1270 2053 prae-

132 2080 237 2140 torem
257 2072 280 2136 i.
303 2093 331 2138 c.
356 2069 544 2156 στρατηγόν
568 2072 657 2138 dicit.
1210 2130 1212 2134 .

220 2174 297 2239 Fuit
319 2180 430 2240 autem
452 2175 637 2241 nauarchus
660 2177 867 2259 praetoribus
891 2183 924 2242 et
946 2176 1143 2243 auctoritate
1165 2183 1199 2242 et
1221 2197 1271 2242 or·

132 2277 211 2342 dine
239 2276 343 2342 multo
372 2276 537 2360 superior,
568 2297 653 2360 quae
683 2298 736 2344 res
764 2278 843 2345 inde
865 2279 1014 2360 intellegi
1037 2285 1158 2361 potest,
1183 2280 1271 2362 quod

131 2379 337 2446 Rhodiorum
360 2379 546 2445 nauarchus
570 2386 606 2444 ut
628 2379 847 2454 Romanorum
871 2380 1012 2446 dictator
1034 2401 1109 2463 non,
1133 2381 1197 2445 nisi
1219 2401 1272 2448 res

132 2484 338 2568 postulabat,
370 2485 553 2552 creabatur.
605 2470 713 2548 Tanta
749 2491 860 2550 autem
898 2484 960 2550 fuit
994 2485 1153 2550 nauarchi
1182 2484 1272 2567 apud

133 2589 283 2655 Rhodios
314 2589 508 2667 auctoritas,
538 2595 574 2654 ut
604 2589 695 2653 nulla
724 2589 898 2672 rogatione
928 2596 1026 2654 autea
1048 2587 1093 2653 ad
1115 2589 1271 2671 populum

131 2695 263 2777 perlata
290 2713 364 2758 oum
388 2692 506 2759 ceteris
528 2693 660 2775 populis
683 2713 783 2776 agere
808 2700 921 2776 posset
930 2693 959 2776 ³).
998 2693 1091 2757 Haec
1114 2689 1274 2756 nauarchi

132 2803 282 2880 potestas
304 2797 431 2863 scilicet
454 2797 501 2861 ita
524 2797 771 2878 circumscripta
793 2795 865 2876 fuit,
889 2803 933 2879 ut,
957 2814 1174 2878 quaecunque
1190 2815 1270 2858 uan-

131 2899 253 2964 archus
282 2919 355 2964 cum
379 2899 503 2966 exteris
526 2899 657 2982 populis
680 2917 738 2963 suo
762 2899 896 2963 arbitrio
921 2898 1057 2982 egisset,
1081 2897 1272 2980 priusquam

131 3002 300 3084 valerent,
329 3023 350 3066 a
378 3003 500 3085 populo
530 2999 651 3066 sanciri
676 3007 850 3083 oporteret.
896 2999 1009 3066 Nihilo
1032 3008 1141 3066 autem
1165 2999 1272 3065 secius

131 3103 292 3168 nauarchi
321 3111 456 3186 propter
486 3102 521 3167 id
549 3102 671 3186 ipsum,
697 3104 784 3185 quod
808 3124 867 3170 suo
892 3103 1028 3169 arbitrio
1052 3123 1125 3168 cum
1149 3102 1273 3169 exteris

132 3206 265 3289 populis
294 3228 393 3290 agere
417 3206 541 3290 potuit,
566 3225 692 3271 summa
715 3207 895 3272 auctoritas
919 3207 990 3291 suit,
1015 3214 1047 3273 et
1070 3205 1189 3272 Rhodii
1211 3204 1273 3272 hoc

133 3308 207 3390 ejus
224 3308 301 3392 jure
324 3309 516 3391 aliquando,
541 3330 583 3375 ne
607 3311 723 3393 populi
746 3310 916 3377 decretum
933 3310 1036 3393 fieret,
1053 3309 1094 3376 de
1110 3307 1273 3374 industria

132 3411 186 3476 usi
215 3411 359 3492 legatum
389 3411 525 3498 Romam
553 3410 750 3476 mittendum
780 3411 877 3476 simul
899 3412 1101 3476 nauarchum
1124 3411 1271 3476 nomina·

132 3513 299 3599 verunti).
350 3513 546 3580 Nauarchus
575 3513 703 3580 scilicet
721 3516 853 3580 bellum
883 3535 941 3581 suo
964 3515 1101 3580 arbitrio
1123 3515 1271 3598 gerebat,

134 3637 334 3701 quamquam
363 3617 403 3683 de
427 3637 537 3683 rerum
560 3624 680 3684 eventu
703 3624 837 3684 senatus
862 3638 901 3684 ac
924 3617 1119 3703 prytanibus
1141 3618 1273 3683 nuntios

132 3721 264 3788 mittere
288 3709 328 3785 ac
350 3720 512 3786 rationem
535 3719 677 3788 reddere
701 3719 854 3788 debebat.
897 3721 1107 3786 Nauarchum
1124 3721 1272 3786 nnumin

117 3843 236 3890 ,unum
268 3823 392 3888 bellum
420 3831 564 3890 creatum
591 3840 672 3890 ¹esse
707 3844 766 3890 suo
790 3826 866 3907 jure
895 3824 1091 3890 Paulscnius
1120 3824 1272 3907 conjecit.

133 3928 174 3992 In
201 3928 290 3993 bello
313 3927 451 4013 Syriaco
480 3935 546 3994 tres
574 3928 707 4010 quidem
735 3928 944 3994 nominantur
965 3927 1166 3994 Rhodiorum
1189 3948 1274 3992 nau-

205 4117 347 4188 1)P01yb.
366 4119 408 4186 30,
427 4117 451 4171 5.

205 4204 234 4274 ‘)
253 4204 373 4273 Appiam
390 4203 452 4272 Spr.
471 4207 495 4271 4,
514 4203 557 4259 27.

224 4291 234 4360 )
253 4290 354 4359 Polyb.
373 4290 415 4355 30,
433 4291 458 4343 5.

206 4207 222 4257 a

206 4292 222 4344 a

206 4375 234 4446 4)
252 4375 354 4446 aalys.
372 4376 414 4441 ao,
433 4376 465 4445 ⁵³
483 4376 547 4434 mv.
565 4377 608 4443 45,
626 4376 668 4431 aa.
