3096 4874
612 335 826 398 ...17-

146 508 354 574 Rhodiorum
385 503 506 570 divites
529 491 707 570 adstrictos
730 503 848 588 fuisse,
872 509 908 568 ut
930 503 1132 586 pauperibus
1153 502 1294 570 frumen·

146 618 218 680 tum
243 611 415 677 donarent.
460 607 628 691 Paupercs
651 607 748 689 enim,
765 626 839 672 cum
856 605 983 671 civitati
1000 605 1165 689 stipendia
1181 605 1292 674 lacere

149 719 362 798 cogerentur,
387 727 464 776 suos
486 711 576 776 alere
600 729 665 774 non
688 715 878 792 potuerunt,
907 707 955 772 ita
978 715 1014 773 ut
1037 707 1168 787 civitas,
1193 709 1292 792 siqui·

150 817 225 882 dem
249 833 433 898 pauperum
456 811 632 895 stipendiis
656 812 851 894 praesertim
873 811 908 876 in
932 810 1161 879 classicarere
1177 812 1291 896 noluit,

150 916 352 1002 pauperibus
382 915 581 981 frumentum
613 911 693 980 dare
723 919 839 978 coacta
863 920 944 980 erat.
991 914 1062 978 Hac
1085 922 1195 980 autem
1218 915 1292 998 lege

152 1041 223 1087 curn
253 1019 374 1085 divites
407 1039 428 1083 a
449 1017 652 1101 pauperibus
675 1024 890 1082 secernantur
911 1016 1121 1100 adducimur,
1145 1023 1182 1081 ut
1205 1017 1293 1084 cives

154 1121 335 1187 secundum
365 1140 434 1186 rem
464 1116 660 1183 familiarem
692 1138 824 1201 quoque
852 1119 885 1184 in
909 1124 1016 1184 certas
1039 1120 1162 1186 classes
1185 1120 1292 1187 distri-

152 1225 247 1290 butas
278 1245 350 1290 csse
373 1230 534 1307 putemus.
580 1220 795 1286 confirmatur
817 1221 900 1287 baec
922 1229 1033 1290 nostra
1056 1222 1220 1289 sententia
1244 1245 1293 1303 eo,

151 1327 245 1411 quod
273 1327 390 1392 Strabo
425 1326 636 1410 λειτουργίας
673 1324 774 1391 fnisse
810 1325 905 1405 dicit,
942 1325 1061 1408 quibus
1090 1327 1293 1408 pauperibus

156 1431 248 1494 cibus
287 1430 515 1512 praeberetur,
556 1433 589 1493 ct
628 1427 718 1509 quod
759 1447 802 1494 ex
835 1427 1037 1494 Rhodiorum
1070 1427 1292 1514 λειτουργίαις

152 1533 290 1617 χορηγία
323 1532 357 1596 in
381 1530 486 1596 titulis
510 1547 641 1612 quoque
669 1529 896 1614 nominaturb.
943 1531 1013 1596 Hae
1038 1531 1123 1596 enim
1146 1531 1291 1617 λειτουρ-

157 1638 230 1714 ηίαι
268 1634 301 1698 in
340 1633 489 1698 omnibus
528 1629 690 1697 Graeciae
730 1633 828 1698 rebus
867 1632 1025 1715 publicis,
1060 1635 1118 1699 ubi
1151 1635 1292 1700 instituti

154 1744 263 1815 erant,
293 1737 334 1800 iis
365 1735 508 1818 civibus,
532 1735 589 1820 qui
615 1741 736 1801 certam
759 1735 923 1801 fortunam
947 1736 1128 1816 habebant,
1153 1741 1294 1821 exlege

159 1836 374 1902 exornandae
409 1843 510 1901 erant.
566 1836 658 1901 Idem
693 1836 836 1902 officium
865 1835 967 1903 luisse
995 1839 1133 1905 Rhodiis
1162 1859 1292 1923 quoque

159 1938 296 2021 civibus,
321 1939 377 2021 qui
400 1939 531 2022 quidem
555 1941 636 2006 satis
660 1939 779 2006 divites
801 1946 919 2020 essent,
941 1940 1019 2007 inde
1041 1949 1187 2026 apparet,
1206 1944 1293 2026 quod

155 2042 353 2126 Rhodiopoli
382 2043 415 2107 in
438 2043 547 2109 Rhodi
570 2043 717 2120 colonia,
741 2043 798 2108 ubi
822 2043 983 2127 ejusmodi
1004 2044 1153 2111 instituta
1176 2046 1292 2112 eadem

154 2146 257 2211 fuisse
285 2152 385 2229 atque
415 2146 450 2212 in
474 2147 647 2232 metropoli
671 2154 927 2214 consentaneum
950 2155 1015 2230 est,
1041 2146 1236 2235 οἷλιτοορηία
1259 2149 1293 2213 in

153 2249 359 2333 publicorum
381 2251 542 2316 bonorum
564 2246 698 2317 numero
714 2252 941 2335 dominaturi).
977 2250 1189 2337 Ἅλιτοορηία
1206 2253 1293 2318 enim

156 2372 266 2432 eorum
288 2353 497 2436 privilegium
521 2355 717 2436 vocabatur,
743 2353 814 2436 qui,
839 2373 1037 2437 quamquam
1061 2374 1176 2436 prore
1200 2355 1292 2420 fami·

116 2455 118 2461 ’
154 2456 228 2521 liari
251 2476 311 2522 sua
324 2457 533 2544 λειτουργίας
556 2464 726 2542 praestare
751 2457 927 2539 debebant,
952 2464 1084 2541 propter
1106 2478 1228 2541 magna
1251 2458 1292 2524 de

152 2560 324 2642 republica
358 2559 474 2627 merita
504 2581 545 2627 ex
572 2561 635 2626 boc
664 2559 773 2627 oificio
802 2559 1043 2627 eximebantur.
1097 2559 1188 2636 Quae
1219 2580 1291 2626 cum

154 2662 201 2726 ita
237 2662 318 2740 sint,
348 2661 459 2729 facere
489 2682 554 2727 non
584 2683 772 2747 possumus,
803 2664 883 2746 quin
910 2662 1057 2728 Rhodios
1086 2661 1164 2729 item
1192 2670 1291 2746 atque

155 2764 372 2831 Athenienses
401 2766 454 2833 vcl
484 2765 568 2832 alias
597 2787 727 2848 quoque
751 2765 912 2833 Graeciae
943 2767 1094 2832 civitates
1123 2767 1157 2830 in
1187 2775 1293 2832 certas
1382 2814 1384 2820 «

156 2869 277 2935 classes
300 2869 478 2936 secundum
503 2869 666 2935 fortunam
691 2869 813 2936 divisos
837 2889 907 2937 esse
933 2869 1112 2935 credamus.

240 2971 379 3054 Nescio,
415 2991 456 3036 an
493 2971 696 3056 singularum
732 2972 885 3038 classium
922 2979 956 3037 ut
986 2971 1078 3035 varia
1108 2969 1218 3036 officia
1245 2971 1293 3036 ita

154 3074 247 3140 varia
270 3094 399 3158 quoque
417 3075 495 3158 jura
518 3074 650 3142 fuerint.
696 3075 893 3142 Paulsenius
909 3074 1043 3156 quidem
1060 3079 1154 3158 putat
1172 3074 1291 3138 civium

155 3177 394 3260 pauperrimam
424 3179 562 3244 classem
592 3179 733 3244 comitiis
763 3181 934 3245 exclusam
962 3176 1062 3244 fuisse
1072 3177 1102 3261 ³),
1133 3176 1222 3259 quod
1249 3196 1292 3242 ex

154 3279 323 3346 Strabonis
346 3279 455 3346 verbis
477 3281 499 3343 l.
524 3300 551 3345 c.
577 3284 701 3367 καίπερ
719 3278 756 3345 ori
774 3279 1020 3368 δημοκρατικαῖς
1037 3277 1292 3362 πολιτευόμενοι

154 3381 277 3464 injuria
306 3382 482 3447 concludit.
529 3384 647 3466 Neque
671 3385 757 3450 enim
781 3384 957 3452 verisimile
982 3390 1031 3450 est
1053 3383 1138 3447 bunc
1162 3403 1292 3448 sensum

154 3483 261 3550 inesse
284 3486 350 3551 illis
373 3487 492 3569 verbis,
518 3507 604 3570 quae
627 3487 698 3554 sine
723 3489 833 3555 dubio*
847 3509 885 3554 eo
909 3493 1068 3570 spectant,
1093 3485 1180 3569 quod
1202 3486 1293 3569 apud

154 3586 301 3653 Rhodios
330 3588 470 3654 comitiis
493 3591 586 3654 nulla
609 3592 738 3656 omnino
763 3599 834 3657 erat
855 3591 1061 3674 rogationum
1082 3585 1292 3656 ferendarum

153 3697 316 3773 potestas,
353 3690 412 3756 sed
441 3691 522 3755 nibil
552 3691 585 3756 in
616 3692 757 3759 comitiis
789 3693 1037 3760 deliberabatur
1065 3689 1129 3756 nisi
1159 3710 1243 3772 quae
1273 3711 1293 3755 a

153 3793 351 3878 prytanibus
384 3799 497 3876 rogata
525 3802 634 3873 erant3
671 3795 788 3860 civitas
823 3801 933 3860 autem
966 3793 1013 3859 ita
1042 3798 1224 3874 temperata
1252 3788 1292 3854 od

153 3892 402 3982 δημοκρατικῶς
432 3896 674 3981 πολιτευομένη
703 3897 769 3963 dici
797 3897 912 3981 potuit.
963 3897 1140 3961 Praeterea
1168 3901 1293 3978 pugnat

154 4005 271 4064 contra
294 3997 462 4065 Paulsenii
485 3999 691 4084 sententiam,
715 4006 752 4065 ut
773 4008 862 4066 recte
878 3997 1209 4064 Schneiderwirtbius
1224 4017 1293 4062 mo·
1321 4004 1323 4008 ’

150 4123 357 4130 -——--—-

224 4168 252 4238 1)
272 4171 356 4236 Ross,
375 4169 402 4224 J.
421 4167 454 4224 G.
473 4168 500 4223 J.
520 4167 585 4237 2783
605 4170 678 4226 Hell.
696 4170 739 4226 47.

223 4255 253 4324 2)
273 4253 573 4322 chas-Waddington
593 4257 611 4310 l.
630 4256 648 4312 l.

224 4341 253 4410 3)
272 4341 392 4396 Paulson
410 4356 438 4409 p.
457 4341 499 4395 49.
