3096 4874
702 329 748 338 ‚„.
791 295 834 357 44
877 329 919 340 ..

318 465 434 548 'Signa
464 464 602 549 primum
632 464 855 531 tautummodo
885 461 949 530 diis
978 464 1186 548 ponebantur
1214 465 1250 526 et
1274 464 1391 543 postea

247 589 391 653 quoque,
416 589 490 634 oum
511 568 547 633 in
569 567 734 634 hominum
757 567 914 634 honorem
937 572 1152 651 ponerentur,
1186 563 1253 630 diis
1277 561 1392 629 viden-

244 680 296 738 tur
319 677 531 737 consecratae
556 689 636 753 esse,
661 670 696 734 id
720 670 808 751 quod
832 689 875 737 ex
900 669 1119 736 dedicationis
1134 687 1216 733 vooe
1234 665 1392 733 sollemni

244 779 355 855 θεοῖς,
385 793 470 858 quae
499 774 559 839 suh
589 772 738 857 plurimis
760 778 941 838 statuarum
964 769 1236 854 inscriptionibus
1261 769 1391 835 inveni·

243 886 305 961 tur,
330 876 526 944 concludere
542 875 630 942 lieet.
667 874 803 942 Statuas
822 874 955 942 honoris
971 876 1071 940 eausa
1087 872 1265 958 ponendae
1283 871 1392 937 Rhodi

245 983 345 1062 vulgo
382 999 424 1048 ex
451 999 527 1046 aere
556 977 782 1046 fundebantur
813 974 920 1061 (elada
953 977 1098 1062 χαλκέα),
1128 994 1391 1041 marmorearum

244 1082 378 1166 quidem
409 1088 591 1148 statuarum
620 1081 654 1145 in
687 1081 955 1164 inscriptionibus
977 1082 1104 1147 nullum
1129 1080 1322 1164 exemplum
1343 1077 1391 1142 in·
1500 1109 1501 1116 ι

244 1185 386 1269 venitur;
417 1181 590 1270 πρόσωπα
617 1204 852 1268 nonnunquam
890 1205 933 1250 ex
962 1190 1100 1268 argento
1130 1182 1220 1250 sacta
1251 1181 1390 1266 eraut1).
1500 1179 1501 1192 ³

244 1288 380 1356 Scilicet
412 1288 579 1372 signorum
608 1289 701 1354 varia
731 1308 857 1372 genera
886 1293 996 1370 erant,
1027 1273 1111 1371 quae
1140 1286 1174 1350 in
1197 1287 1297 1352 titulo
1321 1285 1390 1351 uni-

244 1412 339 1460 verso
367 1393 498 1458 nomine
527 1389 666 1456 εἰκόνων
697 1389 1029 1475 comprehenduntur.
1075 1389 1149 1457 Vox
1178 1390 1269 1456 euim
1294 1384 1391 1455 εἰκών

244 1503 279 1564 ut
302 1495 391 1580 apud
414 1495 579 1562 Romanos
601 1495 710 1580 imago
734 1495 930 1562 latissimam
954 1495 1019 1559 vim
1041 1493 1151 1576 habet,
1175 1493 1302 1578 quippe
1327 1516 1391 1580 qua

244 1600 348 1667 facies
382 1599 523 1666 hominis
558 1601 705 1684 qualibet
739 1606 810 1668 arte
845 1607 879 1667 et
912 1599 1062 1682 quolibet
1096 1597 1193 1663 modo
1230 1618 1391 1683 expressa

245 1702 462 1788 significetur,
492 1702 539 1769 ita
561 1710 596 1768 ut
620 1712 730 1770 statua
755 1710 789 1771 et
812 1712 961 1788 protoma
985 1712 1017 1772 ct
1039 1705 1153 1771 herma
1176 1712 1209 1768 et
1233 1709 1390 1786 ectypum

244 1813 277 1874 et
300 1827 443 1890 persona
473 1812 506 1874 et
534 1827 665 1890 gemma
690 1814 759 1872 tum
784 1827 915 1890 quoque
938 1808 1047 1894 imago
1077 1809 1166 1892 picta
1189 1802 1290 1894 abacia
1320 1826 1390 1872 esse

243 1907 357 1994 possit.
396 1908 533 1976 Statuas
555 1909 634 1976 viris
658 1910 700 1976 de
723 1912 895 1995 republica
921 1911 1151 1978 benemeritis
1175 1912 1311 1994 publico
1337 1909 1389 1976 de·

245 2018 334 2080 creto
358 2014 574 2096 ponebantur.
619 2014 717 2080 Lindi
740 2014 968 2081 sacerdotibus
985 2015 1043 2098 jus
1065 2013 1177 2099 fuisse,
1201 2022 1238 2081 ut
1256 2034 1389 2081 munere

244 2114 411 2199 perfuncti
439 2114 569 2183 sibimet
597 2116 661 2200 ipsi
688 2122 815 2182 statuas
846 2116 1046 2184 collocarent
1069 2126 1126 2184 aut
1147 2119 1270 2184 mortui
1293 2139 1314 2184 a
1337 2138 1388 2184 ne·

245 2219 398 2286 cessariis
424 2219 486 2285 hoc
508 2219 630 2287 honore
660 2228 865 2302 ornarentur,
890 2221 1025 2287 Rossius
1047 2229 1138 2288 recte
1161 2223 1324 2288 conclusit
1349 2217 1389 2286 cx

243 2318 513 2405 inscriptionibus
530 2324 696 2389 nonnullis
715 2322 889 2405 Linuiis2).
923 2322 962 2388 In
986 2322 1104 2389 Rhodo
1127 2323 1207 2388 urbe
1231 2322 1389 2390 sacerdo-

243 2423 332 2490 tibus
365 2424 524 2508 imprimis
553 2425 654 2509 Salis,
691 2427 748 2511 qui
776 2427 889 2493 Rhodi
925 2427 1082 2511 eponymi
1117 2435 1226 2510 erant,
1257 2427 1388 2511 publico

245 2526 379 2594 deoreto
409 2527 505 2611 signa
533 2528 640 2612 posita
671 2549 744 2596 esse
768 2550 809 2595 ex
836 2528 940 2595 tribus
963 2529 1230 2614 inscriptionibus
1252 2529 1389 2596 Rhodiis

245 2633 424 2716 appareti).
470 2631 534 2698 Dio
560 2631 810 2716 chrysostomus
834 2632 866 2697 in
884 2633 1056 2699 Rhodiaca
1077 2653 1201 2700 morem
1224 2633 1388 2716 quendam

245 2732 417 2798 sordidum
448 2753 522 2799 oum
544 2723 591 2799 iu‘
602 2734 859 2802 Atheniensibus
885 2743 918 2802 et
941 2733 1118 2802 Corinthiis
1146 2744 1215 2801 tum
1244 2736 1282 2800 in
1304 2733 1389 2799 Rho-

246 2834 311 2900 diis
340 2835 522 2920 vituperat,
552 2856 617 2919 quo
646 2843 787 2919 statuas,
817 2858 899 2922 quas
928 2838 1007 2903 viris
1039 2837 1080 2904 de
1110 2838 1283 2922 republica
1306 2838 1388 2902 bene

246 2939 372 3004 meritis
398 2946 587 3023 posuerant,
611 2939 777 3006 interdum
792 2941 897 3006 veteri
912 2939 1128 3025 inscriptione
1145 2941 1255 3008 deleta
1272 2961 1388 3007 novam

245 3041 467 3125 insculpentes
489 3042 566 3108 aliis
589 3043 839 3109 consecrabant.

725 3330 906 3418 Προεδρία.

333 3485 523 3551 Proedriam
552 3487 715 3552 vocabant
738 3486 858 3553 Graeci
888 3488 999 3555 sedem
1029 3489 1120 3553 illam
1143 3488 1332 3572 primariam
1354 3483 1386 3548 in

248 3591 445 3672 contionum,
470 3589 633 3673 ludorum,
657 3593 920 3675 spectaculorum
943 3592 1171 3676 celebritate4).
1207 3593 1270 3658 Hic
1285 3591 1386 3655 honor

247 3694 356 3759 Rhodi
387 3694 510 3760 divisus
540 3695 671 3761 videtur
692 3695 808 3779 fuisse,
833 3697 881 3761 ita
904 3703 940 3762 ut
962 3703 1020 3762 aut
1042 3695 1087 3761 ad
1109 3695 1205 3761 ludos
1214 3695 1240 3782 ⁵)
1264 3688 1385 3760 autad

316 3965 345 4036 1)
366 3966 446 4035 Roas,
464 3967 536 4023 Hell.
556 3985 583 4024 n
601 3967 718 4035 23,Ι.1.

369 4053 455 4121 Ruso,
475 4052 559 4109 Arch
578 4053 658 4110 Auis
678 4054 1123 4122 nn.4-7,12,14comp.cum
1141 4069 1186 4110 nn
1204 3989 1309 4107 3et3

320 4051 350 4208 {A
370 4139 405 4193 R
424 4138 458 4195 A.
476 4139 555 4208 XIII,
574 4157 621 4198 nn
640 4141 750 4195 15-17.

316 4223 346 4294 4)
367 4223 466 4279 Suidas
484 4240 507 4279 a.
527 4241 554 4282 v.
577 4224 721 4295 προεδρία.

316 4308 402 4379 blss·
420 4309 453 4366 A·
472 4311 521 4379 XI,
539 4328 565 4366 n.
584 4311 616 4378 42
634 4311 711 4380 xvi,
730 4329 756 4367 n.
775 4312 822 4380 aa
841 4311 927 4381 coss,
946 4310 1030 4368 Aren.
1050 4311 1130 4367 Aufs.
1156 4311 1175 4367 1.
1194 4311 1212 4368 ι.
1231 4327 1277 4364 nn.
1295 4307 1319 4373 1,
1338 4300 1377 4357 ιι.
