3096 4874
625 325 837 390 -25-

156 496 279 581 quibus
291 493 480 574 laudantur,
498 501 695 560 mastrorum
711 517 845 563 munere
861 495 965 562 functi
981 497 1057 564 sint.
1081 499 1173 576 Quae
1188 503 1299 566 autom

154 601 273 666 horum
302 605 498 664 mastrorum
527 598 660 680 negotia
690 599 899 665 nominantur
927 598 1005 667 item
1035 601 1079 666 ad
1109 622 1205 668 sacra
1228 622 1299 686 pcr-

155 702 279 784 tinent,
304 707 340 764 ut
362 719 405 766 ex
428 698 516 764 tituli
539 700 649 768 verbis
672 700 797 784 liquido
821 709 975 785 apparet:
998 741 1041 750 -
1063 742 1106 752 -
1128 742 1171 752 -
1192 741 1236 752 -
1258 739 1299 752 -

155 801 192 868 sd
217 801 256 866 dd
280 798 491 885 perducerer
515 801 684 885 Λινδίοις,
709 797 803 878 ὅπως
826 809 882 868 ταὶ
906 802 1054 890 αἱρέσεις
1078 811 1240 886 γένωνται
1263 807 1299 871 ἐν

154 904 273 990 Λίνδῳ
306 901 374 970 ταῖν
403 902 520 990 ἱερέων
549 911 604 969 καὶ
635 904 820 992 ispo-burda
850 912 905 970 καὶ
935 906 1118 993 ἱεροποίων
1147 915 1202 973 καὶ
1231 910 1298 974 τῶν

158 1007 269 1074 ἄλλων
299 1007 357 1071 ἐπὶ
385 1007 429 1070 τὰ
454 1002 575 1092 [alcinoi
598 1014 883 1092 τασσομένων-
906 1049 943 1058 -
962 1049 1008 1089 ,-
1037 1049 1074 1060 -·
1101 1050 1138 1060 -
1164 1017 1299 1097 έστησιν

159 1106 448 1207 adtendendum,
472 1111 551 1174 καθ’
577 1108 677 1176 ἂναὶ
701 1111 829 1187 ἐντοῖς
852 1111 968 1194 νόμοις
993 1112 1217 1201 Μέγραιιται,
1243 1123 1296 1180 και

154 1215 198 1298 μὴ
222 1216 402 1296 μετέχωντι
429 1209 496 1276 τοῖν
520 1213 557 1278 ἐν
568 1213 688 1300 Λίνδῳ
711 1212 820 1301 ἱερῶν,
844 1213 886 1280 ο“ι
909 1217 953 1300 μὴ
979 1221 1034 1280 καὶ
1058 1217 1224 1304 πρότερον
1242 1242 1297 1301 με·

155 1327 264 1398 τεῖχον
290 1353 327 1363 -
351 1351 396 1364 —·
417 1351 459 1364 -

243 1419 392 1504 Apparet
426 1420 526 1503 igitur
560 1421 696 1505 propria
731 1430 926 1488 mastrorum
960 1443 1098 1489 munera
1132 1422 1167 1488 in
1198 1423 1299 1489 sacris

159 1531 289 1590 versata
318 1543 406 1590 esse:
436 1543 480 1590 ex
508 1523 559 1588 hir
590 1530 700 1590 autem
724 1532 919 1592 mastrorum
941 1526 1085 1609 negotiis
1108 1526 1298 1610 principali·

157 1627 220 1693 bus
242 1627 313 1709 jam
343 1626 411 1691 alia
440 1625 574 1709 negotia
597 1633 668 1692 orta
691 1645 763 1692 esse
786 1627 958 1709 probabile
982 1636 1042 1694 est.
1088 1630 1138 1694 Ac
1160 1628 1298 1713 primum

162 1729 298 1810 quidem
326 1728 411 1794 illud
439 1749 572 1811 munus,
597 1747 662 1810 quo
685 1728 726 1794 iis
748 1727 927 1796 videndum
952 1739 1039 1814 erat,
1064 1739 1099 1796 ut
1128 1731 1298 1816 magistra-

159 1842 214 1899 tus
238 1833 283 1898 ad
305 1853 397 1912 sacra
420 1832 622 1916 pertinenter
646 1854 664 1898 e
686 1833 843 1917 legitimis
866 1834 994 1900 civibus
1019 1836 1228 1920 eligerentur,
1252 1834 1300 1899 ita

162 1933 395 2017 amplificatum
424 1934 556 2000 videtur
585 1955 671 2017 csse,
701 1941 737 2000 ut
766 1935 864 2002 etiam
888 1937 930 2002 ab
953 1938 1028 2003 aliis
1050 1938 1298 2021 magistratibus

160 2059 180 2102 a
209 2040 330 2122 populo
354 2038 485 2121 electis,
510 2043 543 2103 et
566 2037 756 2122 priusquam
780 2059 898 2105 munus
920 2041 1142 2125 susciperent,
1168 2048 1201 2107 et
1225 2061 1297 2106 cum

156 2160 292 2207 munere
315 2139 482 2224 perfuncti
506 2147 625 2224 essent,
650 2139 739 2208 vitae
762 2149 795 2207 et
811 2142 1023 2225 magistratus
1038 2144 1122 2227 gesti
1139 2144 1298 2210 rationem
1380 2171 1381 2174 ¹

156 2251 379 2326 reposcerent.
431 2243 492 2311 Oui
520 2245 568 2310 rei
597 2244 794 2310 documento
824 2252 875 2312 est
903 2253 936 2313 ct
958 2247 1184 2331 inscriptionis
1207 2247 1297 2313 illius

157 2345 296 2412 Lindiae
327 2348 419 2412 locus
448 2346 591 2411 καὶτῶν
614 2343 725 2411 ἄλλων
748 2347 807 2410 ἐπὶ
830 2349 873 2410 τὰ
896 2350 994 2413 κοινὰ
1015 2353 1237 2432 τασσομένων
1266 2358 1299 2416 et

155 2451 315 2536 Hesychii
333 2453 437 2534 loouS,
456 2452 513 2518 ubi
531 2454 668 2536 legitur:
680 2453 859 2537 μαστρίαι·
878 2451 916 2515 αἱ
932 2451 1000 2517 τοῖν
1013 2450 1183 2539 ἀρχόντων
1196 2449 1298 2516 eddo'-

155 2579 223 2620 ναι.
253 2553 411 2621 Εἰιθύναι
424 2556 511 2624 euim
529 2556 620 2640 apud
632 2556 852 2623 Athenienses
865 2557 1096 2640 inquisitiones
1108 2557 1187 2624 illae
1200 2577 1298 2623 voca-

154 2660 293 2744 bantur,
324 2679 410 2742 quae
438 2660 473 2726 in
501 2662 713 2744 magistratus
742 2682 881 2728 munere
904 2661 1096 2746 perfunctos
1118 2659 1191 2726 fieri
1214 2661 1297 2727 sole·

153 2763 246 2828 bant.
291 2763 397 2828 Simili
419 2763 516 2829 modo
541 2771 734 2830 mastrorum
751 2764 883 2846 judicia
907 2784 1038 2847 quoque
1063 2783 1107 2828 ex
1122 2764 1296 2847 principali

155 2885 268 2932 eorum
301 2888 435 2934 munere
472 2875 543 2934 orta
578 2875 678 2951 atque
715 2868 846 2932 omnino
882 2868 1004 2933 factum
1035 2887 1107 2933 esse
1137 2874 1232 2950 puto,
1263 2875 1298 2932 ut

155 2988 269 3034 eorum
293 2970 468 3054 collegium
491 2970 638 3035 civitatis
662 2970 756 3052 quasi
780 2977 928 3036 senatum
953 2969 1110 3037 efficeret.

242 3070 403 3136 Nimirum
426 3078 626 3138 mastrorum
650 3073 784 3155 negotia
807 3072 841 3137 in
863 3072 937 3156 ipsa
960 3072 1076 3138 Rhodo
1099 3073 1179 3138 urbe
1202 3091 1298 3154 prop-

154 3183 208 3241 tor
236 3181 421 3242 exterorum
449 3177 644 3258 populorum
673 3177 904 3242 commercium
927 3196 967 3241 ac
993 3180 1210 3241 commeatum
1230 3180 1297 3237 tam

155 3278 192 3342 in
216 3278 304 3343 bello
329 3299 429 3360 quam
451 3279 486 3343 in
508 3299 591 3362 pace
614 3280 715 3345 multo
739 3279 866 3361 majora
889 3287 990 3360 erant,
1015 3299 1079 3359 quo
1096 3277 1219 3343 factum
1238 3288 1296 3353 est,

155 3387 202 3465 ut,
228 3401 314 3464 quae
337 3382 471 3468 negotia
494 3382 588 3448 initio
611 3383 748 3448 secundi
772 3383 895 3448 ordinis
918 3383 1141 3465 fuerunt,jam
1157 3381 1297 3463 primunr

103 3467 113 3480 ’
155 3486 264 3550 locum
299 3473 448 3553 tenerent
483 3507 523 3551 ac
556 3493 752 3552 mastrorum
789 3487 961 3570 collegium
996 3486 1112 3569 primo'
1131 3503 1295 3549 sacrorum

156 3608 258 3653 causa
290 3589 491 3673 institutum,
527 3610 599 3654 cum
634 3590 733 3656 etiam
767 3591 808 3658 de
843 3590 976 3656 summis
1010 3591 1109 3654 rebus
1142 3587 1186 3652 ad
1215 3607 1296 3652 rem-

155 3691 325 3774 publicam
348 3692 573 3775 spectantibus
596 3693 805 3774 deliberaret,
829 3690 937 3773 βονλιὶ
958 3699 1140 3758 vocaretur.

244 3793 319 3859 Jam
342 3801 379 3859 ut
402 3794 532 3878 singula
553 3801 748 3878 mastrorum
773 3815 909 3860 munera
932 3814 1141 3878 exponemus,
1165 3799 1297 3860 senatus

156 3897 199 3963 de
217 3925 219 3931 ·
235 3897 385 3963 omnibus
414 3899 513 3964 rebus
543 3898 666 3982 primus
698 3897 918 3980 deliberabat,
949 3899 1085 3980 ejusque
1116 3896 1249 3961 decreta
1277 3916 1297 3958 a

155 4000 279 4083 populo
303 4005 360 4064 aut
383 4000 620 4067 sauciabantur
643 4009 701 4066 aut
724 3999 966 4067 reiiciebantur.
1012 4000 1049 4064 In
1073 3998 1207 4064 minoris
1229 4019 1295 4063 mo·

154 4103 259 4169 menti
287 4104 385 4170 rebus
415 4113 548 4172 senatus
578 4105 746 4172 decretum
776 4127 796 4169 a
819 4107 943 4189 populo
968 4102 1090 4169 sanciri
1112 4122 1177 4167 non
1202 4121 1295 4184 opor-

154 4206 219 4272 tuit
229 4209 259 4291 1).
305 4207 443 4274 Senatui
467 4208 581 4274 classis
604 4208 835 4292 exercitusque
852 4207 954 4273 duces
970 4214 1003 4272 et
1017 4205 1121 4290 legati
1136 4204 1295 4271 rationem

157 4327 360 4338 -—-—.

226 4375 373 4446 1)r>01yc.
393 4377 434 4443 ar,
456 4379 494 4432 11.
