<?xml version="1.0" encoding="UTF-8"?>
<!DOCTYPE html PUBLIC "-//W3C//DTD XHTML 1.0 Transitional//EN"
    "http://www.w3.org/TR/xhtml1/DTD/xhtml1-transitional.dtd">
<html xmlns="http://www.w3.org/1999/xhtml" xml:lang="en" lang="en">
 <head>
  <title>
</title>
<meta http-equiv="Content-Type" content="text/html;charset=utf-8" />
  <meta name='ocr-system' content='tesseract 3.04.00' />
  <meta name='ocr-capabilities' content='ocr_page ocr_carea ocr_par ocr_line ocrx_word'/>
</head>
<body>
  <div class='ocr_page' id='page_1' title='image "./derepublicarhod00bottgoog_0049.png"; bbox 0 0 3096 4874; ppageno 0'>
   <div class='ocr_carea' id='block_1_1' title="bbox 744 312 957 376">
    <p class='ocr_par' dir='ltr' id='par_1_1' title="bbox 744 312 957 376">
     <span class='ocr_line' id='line_1_1' title="bbox 744 312 957 376; baseline 0 -16"><span class='ocrx_word' id='word_1_1' title='bbox 744 312 957 376; x_wconf 64' lang='lat'><strong>..42-</strong></span> 
     </span>
    </p>
   </div>
   <div class='ocr_carea' id='block_1_2' title="bbox 278 483 1509 1086">
    <p class='ocr_par' dir='ltr' id='par_1_2' title="bbox 278 483 1509 1086">
     <span class='ocr_line' id='line_1_2' title="bbox 283 483 1418 607; baseline -0.001 -56"><span class='ocrx_word' id='word_1_2' title='bbox 283 484 365 552; x_wconf 86' lang='lat' dir='ltr'>civis</span> <span class='ocrx_word' id='word_1_3' title='bbox 399 483 499 550; x_wconf 82' lang='lat' dir='ltr'>alicu</span> <span class='ocrx_word' id='word_1_4' title='bbox 466 503 541 566; x_wconf 81' lang='lat' dir='ltr'>upus</span> <span class='ocrx_word' id='word_1_5' title='bbox 576 483 617 550; x_wconf 91' lang='lat' dir='ltr'>de</span> <span class='ocrx_word' id='word_1_6' title='bbox 646 483 817 564; x_wconf 83' lang='lat' dir='ltr'>republica</span> <span class='ocrx_word' id='word_1_7' title='bbox 845 485 963 552; x_wconf 89' lang='lat' dir='ltr'>merita</span> <span class='ocrx_word' id='word_1_8' title='bbox 993 484 1223 607; x_wconf 76' lang='grc' dir='ltr'>οιιιιίιιιιιιιίιιι</span> <span class='ocrx_word' id='word_1_9' title='bbox 1251 484 1333 550; x_wconf 88' lang='lat' dir='ltr'>haec</span> <span class='ocrx_word' id='word_1_10' title='bbox 1359 491 1418 552; x_wconf 89' lang='lat' dir='ltr'>est:</span> 
     </span>
     <span class='ocr_line' id='line_1_3' title="bbox 280 583 1509 673; baseline -0.001 -20"><span class='ocrx_word' id='word_1_11' title='bbox 280 585 497 668; x_wconf 75' lang='grc' dir='ltr'><em>εὐσεβείαςὲ</em></span> <span class='ocrx_word' id='word_1_12' title='bbox 499 585 581 651; x_wconf 75' lang='grc' dir='ltr'><em>’νεκα</em></span> <span class='ocrx_word' id='word_1_13' title='bbox 603 585 665 663; x_wconf 81' lang='grc' dir='ltr'><em>τοῖς</em></span> <span class='ocrx_word' id='word_1_14' title='bbox 690 610 770 651; x_wconf 87' lang='grc' dir='ltr'>ποιι</span> <span class='ocrx_word' id='word_1_15' title='bbox 785 610 862 663; x_wconf 83' lang='grc' dir='ltr'><em>τους</em></span> <span class='ocrx_word' id='word_1_16' title='bbox 879 588 983 662; x_wconf 73' lang='grc' dir='ltr'><em>θεοὺς</em></span> <span class='ocrx_word' id='word_1_17' title='bbox 1007 592 1062 652; x_wconf 80' lang='grc' dir='ltr'>καὶ</span> <span class='ocrx_word' id='word_1_18' title='bbox 1081 610 1202 673; x_wconf 82' lang='grc' dir='ltr'>αρειας</span> <span class='ocrx_word' id='word_1_19' title='bbox 1218 610 1275 650; x_wconf 87' lang='grc' dir='ltr'>και</span> <span class='ocrx_word' id='word_1_20' title='bbox 1292 584 1419 662; x_wconf 75' lang='grc' dir='ltr'><em>εὐνοίας</em></span> <span class='ocrx_word' id='word_1_21' title='bbox 1508 583 1509 590; x_wconf 36' lang='lat'>¹</span> 
     </span>
     <span class='ocr_line' id='line_1_4' title="bbox 279 688 1421 776; baseline 0 -21"><span class='ocrx_word' id='word_1_22' title='bbox 279 696 336 755; x_wconf 82' lang='grc' dir='ltr'>καὶ</span> <span class='ocrx_word' id='word_1_23' title='bbox 359 688 569 775; x_wconf 76' lang='grc' dir='ltr'>φιλοδοξίας,</span> <span class='ocrx_word' id='word_1_24' title='bbox 593 713 637 754; x_wconf 81' lang='grc' dir='ltr'>αν</span> <span class='ocrx_word' id='word_1_25' title='bbox 653 713 736 772; x_wconf 84' lang='grc' dir='ltr'><em>εχων</em></span> <span class='ocrx_word' id='word_1_26' title='bbox 753 690 941 757; x_wconf 78' lang='grc' dir='ltr'>διατείεῖκ.</span> <span class='ocrx_word' id='word_1_27' title='bbox 959 690 1221 776; x_wconf 53' lang='grc' dir='ltr'>Ἣολ1)Νοοοίο</span> <span class='ocrx_word' id='word_1_28' title='bbox 1239 712 1283 756; x_wconf 87' lang='lat' dir='ltr'>an</span> <span class='ocrx_word' id='word_1_29' title='bbox 1299 691 1421 758; x_wconf 89' lang='lat' dir='ltr'>minora</span> 
     </span>
     <span class='ocr_line' id='line_1_5' title="bbox 278 790 1419 877; baseline -0.004 -17"><span class='ocrx_word' id='word_1_30' title='bbox 278 793 396 861; x_wconf 88' lang='lat' dir='ltr'>merita</span> <span class='ocrx_word' id='word_1_31' title='bbox 427 793 506 875; x_wconf 91' lang='lat' dir='ltr'>sint,</span> <span class='ocrx_word' id='word_1_32' title='bbox 541 793 569 860; x_wconf 94' lang='lat' dir='ltr'>si</span> <span class='ocrx_word' id='word_1_33' title='bbox 598 794 632 859; x_wconf 90' lang='lat' dir='ltr'>in</span> <span class='ocrx_word' id='word_1_34' title='bbox 661 793 712 859; x_wconf 90' lang='lat' dir='ltr'>his</span> <span class='ocrx_word' id='word_1_35' title='bbox 742 794 851 861; x_wconf 87' lang='lat' dir='ltr'>verbis</span> <span class='ocrx_word' id='word_1_36' title='bbox 882 795 1008 862; x_wconf 88' lang='lat' dir='ltr'>ommitt</span> <span class='ocrx_word' id='word_1_37' title='bbox 994 795 1074 861; x_wconf 85' lang='lat' dir='ltr'>titur</span> <span class='ocrx_word' id='word_1_38' title='bbox 1103 790 1326 874; x_wconf 73' lang='grc' dir='ltr'><em>εὐσεβείαςὲ</em></span> <span class='ocrx_word' id='word_1_39' title='bbox 1328 793 1419 877; x_wconf 80' lang='grc' dir='ltr'><em>’νοκο;</em></span> 
     </span>
     <span class='ocr_line' id='line_1_6' title="bbox 280 895 1509 981; baseline -0.001 -18"><span class='ocrx_word' id='word_1_40' title='bbox 280 904 369 964; x_wconf 89' lang='lat' dir='ltr'>certe</span> <span class='ocrx_word' id='word_1_41' title='bbox 397 896 559 962; x_wconf 91' lang='lat' dir='ltr'>honorum</span> <span class='ocrx_word' id='word_1_42' title='bbox 589 897 746 964; x_wconf 84' lang='lat' dir='ltr'>numerus</span> <span class='ocrx_word' id='word_1_43' title='bbox 774 897 880 963; x_wconf 90' lang='lat' dir='ltr'>minor</span> <span class='ocrx_word' id='word_1_44' title='bbox 910 904 960 964; x_wconf 86' lang='lat' dir='ltr'>est</span> <span class='ocrx_word' id='word_1_45' title='bbox 988 898 1022 962; x_wconf 95' lang='lat' dir='ltr'>in</span> <span class='ocrx_word' id='word_1_46' title='bbox 1046 896 1087 964; x_wconf 86' lang='lat' dir='ltr'>iis</span> <span class='ocrx_word' id='word_1_47' title='bbox 1111 895 1232 981; x_wconf 86' lang='lat' dir='ltr'>titulis,</span> <span class='ocrx_word' id='word_1_48' title='bbox 1263 896 1321 962; x_wconf 93' lang='lat' dir='ltr'>ubi</span> <span class='ocrx_word' id='word_1_49' title='bbox 1343 897 1420 964; x_wconf 87' lang='lat' dir='ltr'>baec</span> <span class='ocrx_word' id='word_1_50' title='bbox 1508 895 1509 978; x_wconf 73' lang='lat' dir='ltr'>l</span> 
     </span>
     <span class='ocr_line' id='line_1_7' title="bbox 279 995 1509 1086; baseline -0.004 -18"><span class='ocrx_word' id='word_1_51' title='bbox 279 1001 382 1068; x_wconf 84' lang='lat' dir='ltr'>verba</span> <span class='ocrx_word' id='word_1_52' title='bbox 405 999 570 1086; x_wconf 76' lang='lat' dir='ltr'>desunt2).</span> <span class='ocrx_word' id='word_1_53' title='bbox 1508 995 1509 1020; x_wconf 59' lang='lat'><strong>¹</strong></span> 
     </span>
    </p>
   </div>
   <div class='ocr_carea' id='block_1_3' title="bbox 364 1101 1509 1188">
    <p class='ocr_par' dir='ltr' id='par_1_3' title="bbox 364 1101 1509 1188">
     <span class='ocr_line' id='line_1_8' title="bbox 364 1101 1509 1188; baseline 0 -20"><span class='ocrx_word' id='word_1_54' title='bbox 364 1103 438 1168; x_wconf 88' lang='lat' dir='ltr'>Non</span> <span class='ocrx_word' id='word_1_55' title='bbox 467 1101 602 1170; x_wconf 85' lang='lat' dir='ltr'>fortuito</span> <span class='ocrx_word' id='word_1_56' title='bbox 627 1103 750 1169; x_wconf 85' lang='lat' dir='ltr'>factum</span> <span class='ocrx_word' id='word_1_57' title='bbox 774 1123 848 1170; x_wconf 85' lang='lat' dir='ltr'>esse</span> <span class='ocrx_word' id='word_1_58' title='bbox 872 1110 963 1188; x_wconf 91' lang='lat' dir='ltr'>puto,</span> <span class='ocrx_word' id='word_1_59' title='bbox 987 1103 1080 1170; x_wconf 92' lang='lat' dir='ltr'>utin</span> <span class='ocrx_word' id='word_1_60' title='bbox 1103 1123 1240 1170; x_wconf 87' lang='lat' dir='ltr'>numero</span> <span class='ocrx_word' id='word_1_61' title='bbox 1263 1103 1420 1170; x_wconf 89' lang='lat' dir='ltr'>honorum</span> <span class='ocrx_word' id='word_1_62' title='bbox 1508 1125 1509 1132; x_wconf 50' lang='lat'>¹</span> 
     </span>
    </p>
   </div>
   <div class='ocr_carea' id='block_1_4' title="bbox 212 1203 1509 1394">
    <p class='ocr_par' dir='ltr' id='par_1_4' title="bbox 212 1203 1509 1394">
     <span class='ocr_line' id='line_1_9' title="bbox 212 1203 1420 1290; baseline -0.002 -16"><span class='ocrx_word' id='word_1_63' title='bbox 212 1216 217 1229; x_wconf 95' lang='lat'>&#39;</span> <span class='ocrx_word' id='word_1_64' title='bbox 280 1214 387 1276; x_wconf 89' lang='lat' dir='ltr'>certus</span> <span class='ocrx_word' id='word_1_65' title='bbox 410 1227 540 1290; x_wconf 81' lang='lat' dir='ltr'>semper</span> <span class='ocrx_word' id='word_1_66' title='bbox 563 1207 645 1272; x_wconf 92' lang='lat' dir='ltr'>ordo</span> <span class='ocrx_word' id='word_1_67' title='bbox 669 1205 721 1272; x_wconf 85' lang='lat' dir='ltr'>sit.</span> <span class='ocrx_word' id='word_1_68' title='bbox 753 1203 927 1281; x_wconf 79' lang='grc' dir='ltr'>Ἔπαιιος</span> <span class='ocrx_word' id='word_1_69' title='bbox 951 1205 1085 1290; x_wconf 87' lang='lat' dir='ltr'>quidem</span> <span class='ocrx_word' id='word_1_70' title='bbox 1107 1207 1141 1272; x_wconf 95' lang='lat' dir='ltr'>in</span> <span class='ocrx_word' id='word_1_71' title='bbox 1165 1207 1318 1272; x_wconf 90' lang='lat' dir='ltr'>omnibus</span> <span class='ocrx_word' id='word_1_72' title='bbox 1341 1207 1420 1272; x_wconf 86' lang='lat' dir='ltr'>Rho-</span> 
     </span>
     <span class='ocr_line' id='line_1_10' title="bbox 280 1291 1509 1394; baseline -0.004 -18"><span class='ocrx_word' id='word_1_73' title='bbox 280 1311 409 1378; x_wconf 91' lang='lat' dir='ltr'>diorum</span> <span class='ocrx_word' id='word_1_74' title='bbox 432 1301 702 1394; x_wconf 60' lang='lat' dir='ltr'>inscriptionibus</span> <span class='ocrx_word' id='word_1_75' title='bbox 727 1329 857 1393; x_wconf 78' lang='lat' dir='ltr'>semper</span> <span class='ocrx_word' id='word_1_76' title='bbox 879 1309 1021 1393; x_wconf 90' lang='lat' dir='ltr'>primum</span> <span class='ocrx_word' id='word_1_77' title='bbox 1045 1310 1153 1374; x_wconf 89' lang='lat' dir='ltr'>locum</span> <span class='ocrx_word' id='word_1_78' title='bbox 1171 1315 1273 1391; x_wconf 85' lang='lat' dir='ltr'>tenet,</span> <span class='ocrx_word' id='word_1_79' title='bbox 1297 1313 1420 1394; x_wconf 82' lang='grc' dir='ltr'>σιέφα-</span> <span class='ocrx_word' id='word_1_80' title='bbox 1508 1291 1509 1314; x_wconf 69' lang='lat'>³</span> 
     </span>
    </p>
   </div>
   <div class='ocr_carea' id='block_1_5' title="bbox 279 1411 1509 1498">
    <p class='ocr_par' dir='ltr' id='par_1_5' title="bbox 279 1411 1509 1498">
     <span class='ocr_line' id='line_1_11' title="bbox 279 1411 1509 1498; baseline -0.001 -19"><span class='ocrx_word' id='word_1_81' title='bbox 279 1438 335 1490; x_wconf 80' lang='grc' dir='ltr'>νος</span> <span class='ocrx_word' id='word_1_82' title='bbox 363 1415 561 1498; x_wconf 85' lang='lat' dir='ltr'>secundum,</span> <span class='ocrx_word' id='word_1_83' title='bbox 597 1411 695 1478; x_wconf 73' lang='grc' dir='ltr'><strong><em>εἰκών</em></strong></span> <span class='ocrx_word' id='word_1_84' title='bbox 727 1413 875 1497; x_wconf 87' lang='lat' dir='ltr'>tertium,</span> <span class='ocrx_word' id='word_1_85' title='bbox 911 1420 1063 1497; x_wconf 87' lang='lat' dir='ltr'>quartum</span> <span class='ocrx_word' id='word_1_86' title='bbox 1091 1413 1199 1478; x_wconf 89' lang='lat' dir='ltr'>locum</span> <span class='ocrx_word' id='word_1_87' title='bbox 1230 1415 1420 1497; x_wconf 89' lang='lat' dir='ltr'>plerumque</span> <span class='ocrx_word' id='word_1_88' title='bbox 1508 1425 1509 1432; x_wconf 77' lang='grc'>’</span> 
     </span>
    </p>
   </div>
   <div class='ocr_carea' id='block_1_6' title="bbox 278 1512 1419 2015">
    <p class='ocr_par' dir='ltr' id='par_1_6' title="bbox 278 1512 1419 2015">
     <span class='ocr_line' id='line_1_12' title="bbox 278 1512 1419 1603; baseline -0.004 -19"><span class='ocrx_word' id='word_1_89' title='bbox 278 1519 404 1586; x_wconf 84' lang='lat' dir='ltr'>obtinet</span> <span class='ocrx_word' id='word_1_90' title='bbox 431 1515 597 1603; x_wconf 78' lang='grc' dir='ltr'><em>προεδρία</em></span> <span class='ocrx_word' id='word_1_91' title='bbox 626 1517 663 1580; x_wconf 78' lang='grc' dir='ltr'>ἓν</span> <span class='ocrx_word' id='word_1_92' title='bbox 690 1523 759 1592; x_wconf 82' lang='grc' dir='ltr'><em>τοῖς</em></span> <span class='ocrx_word' id='word_1_93' title='bbox 790 1512 938 1596; x_wconf 69' lang='grc' dir='ltr'>ἀραῖσιν,</span> <span class='ocrx_word' id='word_1_94' title='bbox 968 1515 1024 1600; x_wconf 88' lang='lat' dir='ltr'>qui</span> <span class='ocrx_word' id='word_1_95' title='bbox 1054 1515 1158 1582; x_wconf 86' lang='lat' dir='ltr'>honor</span> <span class='ocrx_word' id='word_1_96' title='bbox 1181 1535 1313 1602; x_wconf 80' lang='lat' dir='ltr'>semper</span> <span class='ocrx_word' id='word_1_97' title='bbox 1334 1523 1419 1580; x_wconf 88' lang='lat' dir='ltr'>ante·</span> 
     </span>
     <span class='ocr_line' id='line_1_13' title="bbox 278 1616 1419 1706; baseline -0.001 -19"><span class='ocrx_word' id='word_1_98' title='bbox 278 1621 368 1689; x_wconf 87' lang='lat' dir='ltr'>cedit</span> <span class='ocrx_word' id='word_1_99' title='bbox 401 1621 517 1687; x_wconf 91' lang='lat' dir='ltr'>honori</span> <span class='ocrx_word' id='word_1_100' title='bbox 551 1618 713 1705; x_wconf 79' lang='grc' dir='ltr'>σιτήσεως</span> <span class='ocrx_word' id='word_1_101' title='bbox 748 1618 784 1684; x_wconf 84' lang='lat' dir='ltr'>&#39;av</span> <span class='ocrx_word' id='word_1_102' title='bbox 815 1618 1025 1706; x_wconf 72' lang='lat' dir='ltr'>ispodoraiop.</span> <span class='ocrx_word' id='word_1_103' title='bbox 1074 1619 1113 1684; x_wconf 92' lang='lat' dir='ltr'>Iu</span> <span class='ocrx_word' id='word_1_104' title='bbox 1141 1619 1237 1686; x_wconf 87' lang='lat' dir='ltr'>titulo</span> <span class='ocrx_word' id='word_1_105' title='bbox 1269 1616 1419 1702; x_wconf 76' lang='lat' dir='ltr'>Lindi03)</span> 
     </span>
     <span class='ocr_line' id='line_1_14' title="bbox 278 1713 1419 1810; baseline -0.005 -20"><span class='ocrx_word' id='word_1_106' title='bbox 278 1731 429 1808; x_wconf 87' lang='lat' dir='ltr'>quartum</span> <span class='ocrx_word' id='word_1_107' title='bbox 462 1725 571 1791; x_wconf 84' lang='lat' dir='ltr'>locum</span> <span class='ocrx_word' id='word_1_108' title='bbox 598 1730 690 1791; x_wconf 86' lang='lat' dir='ltr'>tenet</span> <span class='ocrx_word' id='word_1_109' title='bbox 720 1726 980 1810; x_wconf 78' lang='grc' dir='ltr'><em>στεφανοφορία</em></span> <span class='ocrx_word' id='word_1_110' title='bbox 1011 1721 1048 1786; x_wconf 68' lang='grc' dir='ltr'>ἓν</span> <span class='ocrx_word' id='word_1_111' title='bbox 1074 1732 1148 1798; x_wconf 80' lang='grc' dir='ltr'><em>ταῖς</em></span> <span class='ocrx_word' id='word_1_112' title='bbox 1178 1713 1419 1810; x_wconf 75' lang='grc' dir='ltr'>παναγύρεσιν,</span> 
     </span>
     <span class='ocr_line' id='line_1_15' title="bbox 278 1824 1419 1912; baseline -0.004 -19"><span class='ocrx_word' id='word_1_113' title='bbox 278 1828 334 1911; x_wconf 89' lang='lat' dir='ltr'>qui</span> <span class='ocrx_word' id='word_1_114' title='bbox 362 1827 467 1893; x_wconf 90' lang='lat' dir='ltr'>honor</span> <span class='ocrx_word' id='word_1_115' title='bbox 494 1827 579 1893; x_wconf 86' lang='lat' dir='ltr'>alias</span> <span class='ocrx_word' id='word_1_116' title='bbox 607 1833 681 1910; x_wconf 89' lang='lat' dir='ltr'>post</span> <span class='ocrx_word' id='word_1_117' title='bbox 713 1829 847 1910; x_wconf 81' lang='grc' dir='ltr'>σίτησιν</span> <span class='ocrx_word' id='word_1_118' title='bbox 876 1826 912 1890; x_wconf 79' lang='grc' dir='ltr'>ἐν</span> <span class='ocrx_word' id='word_1_119' title='bbox 937 1824 1135 1912; x_wconf 72' lang='grc' dir='ltr'><em>ἱεροθοτείῳ</em></span> <span class='ocrx_word' id='word_1_120' title='bbox 1165 1825 1295 1910; x_wconf 89' lang='lat' dir='ltr'>positus</span> <span class='ocrx_word' id='word_1_121' title='bbox 1324 1824 1419 1909; x_wconf 73' lang='lat' dir='ltr'>est⁴);</span> 
     </span>
     <span class='ocr_line' id='line_1_16' title="bbox 278 1929 1419 2015; baseline -0.005 -17"><span class='ocrx_word' id='word_1_122' title='bbox 278 1931 338 1998; x_wconf 88' lang='lat' dir='ltr'>sed</span> <span class='ocrx_word' id='word_1_123' title='bbox 361 1931 395 1996; x_wconf 92' lang='lat' dir='ltr'>in</span> <span class='ocrx_word' id='word_1_124' title='bbox 418 1931 480 1997; x_wconf 91' lang='lat' dir='ltr'>hoe</span> <span class='ocrx_word' id='word_1_125' title='bbox 502 1931 597 1996; x_wconf 89' lang='lat' dir='ltr'>titulo</span> <span class='ocrx_word' id='word_1_126' title='bbox 621 1931 782 1998; x_wconf 87' lang='lat' dir='ltr'>videlicet</span> <span class='ocrx_word' id='word_1_127' title='bbox 805 1937 981 2015; x_wconf 89' lang='lat' dir='ltr'>propterea</span> <span class='ocrx_word' id='word_1_128' title='bbox 1003 1929 1114 2013; x_wconf 88' lang='lat' dir='ltr'>priore</span> <span class='ocrx_word' id='word_1_129' title='bbox 1137 1931 1213 1996; x_wconf 92' lang='lat' dir='ltr'>loco</span> <span class='ocrx_word' id='word_1_130' title='bbox 1226 1930 1419 2003; x_wconf 84' lang='lat' dir='ltr'>nominatur,</span> 
     </span>
    </p>
   </div>
   <div class='ocr_carea' id='block_1_7' title="bbox 172 2030 1420 2120">
    <p class='ocr_par' dir='ltr' id='par_1_7' title="bbox 172 2030 1420 2120">
     <span class='ocr_line' id='line_1_17' title="bbox 172 2030 1420 2120; baseline -0.006 -20"><span class='ocrx_word' id='word_1_131' title='bbox 172 2051 181 2058; x_wconf 85' lang='grc'><strong>’</strong></span> <span class='ocrx_word' id='word_1_132' title='bbox 279 2034 368 2118; x_wconf 91' lang='lat' dir='ltr'>quod</span> <span class='ocrx_word' id='word_1_133' title='bbox 390 2054 456 2099; x_wconf 93' lang='lat' dir='ltr'>una</span> <span class='ocrx_word' id='word_1_134' title='bbox 480 2055 552 2099; x_wconf 90' lang='lat' dir='ltr'>cum</span> <span class='ocrx_word' id='word_1_135' title='bbox 576 2032 743 2120; x_wconf 81' lang='grc' dir='ltr'><em>προεδρίᾳ</em></span> <span class='ocrx_word' id='word_1_136' title='bbox 768 2034 813 2098; x_wconf 90' lang='lat' dir='ltr'>ad</span> <span class='ocrx_word' id='word_1_137' title='bbox 835 2031 1045 2119; x_wconf 76' lang='grc' dir='ltr'>παναγύρεις</span> <span class='ocrx_word' id='word_1_138' title='bbox 1069 2033 1227 2117; x_wconf 82' lang='lat' dir='ltr'>pertinet3</span> <span class='ocrx_word' id='word_1_139' title='bbox 1259 2030 1420 2118; x_wconf 79' lang='grc' dir='ltr'><em>προεδρία</em></span> 
     </span>
    </p>
   </div>
   <div class='ocr_carea' id='block_1_8' title="bbox 277 2131 1509 2738">
    <p class='ocr_par' dir='ltr' id='par_1_8' title="bbox 277 2131 1509 2738">
     <span class='ocr_line' id='line_1_18' title="bbox 279 2131 1419 2220; baseline -0.005 -16"><span class='ocrx_word' id='word_1_140' title='bbox 279 2137 366 2204; x_wconf 89' lang='lat' dir='ltr'>enim</span> <span class='ocrx_word' id='word_1_141' title='bbox 394 2137 428 2201; x_wconf 94' lang='lat' dir='ltr'>in</span> <span class='ocrx_word' id='word_1_142' title='bbox 456 2135 519 2202; x_wconf 91' lang='lat' dir='ltr'>hoc</span> <span class='ocrx_word' id='word_1_143' title='bbox 546 2136 643 2203; x_wconf 89' lang='lat' dir='ltr'>titulo</span> <span class='ocrx_word' id='word_1_144' title='bbox 672 2158 738 2203; x_wconf 94' lang='lat' dir='ltr'>non</span> <span class='ocrx_word' id='word_1_145' title='bbox 767 2142 803 2201; x_wconf 92' lang='lat' dir='ltr'>ut</span> <span class='ocrx_word' id='word_1_146' title='bbox 830 2137 1024 2220; x_wconf 89' lang='lat' dir='ltr'>plerumque</span> <span class='ocrx_word' id='word_1_147' title='bbox 1054 2137 1098 2200; x_wconf 90' lang='lat' dir='ltr'>ad</span> <span class='ocrx_word' id='word_1_148' title='bbox 1128 2133 1267 2216; x_wconf 70' lang='grc' dir='ltr'><em>ἀγῶνας</em></span> <span class='ocrx_word' id='word_1_149' title='bbox 1297 2135 1356 2202; x_wconf 86' lang='lat' dir='ltr'>sed</span> <span class='ocrx_word' id='word_1_150' title='bbox 1379 2131 1419 2198; x_wconf 90' lang='lat' dir='ltr'>ad</span> 
     </span>
     <span class='ocr_line' id='line_1_19' title="bbox 279 2237 1418 2325; baseline -0.004 -20"><span class='ocrx_word' id='word_1_151' title='bbox 279 2237 488 2325; x_wconf 74' lang='grc' dir='ltr'><em>παναγύριας</em></span> <span class='ocrx_word' id='word_1_152' title='bbox 510 2240 686 2308; x_wconf 88' lang='lat' dir='ltr'>referenda</span> <span class='ocrx_word' id='word_1_153' title='bbox 708 2248 768 2308; x_wconf 86' lang='lat' dir='ltr'>est.</span> <span class='ocrx_word' id='word_1_154' title='bbox 813 2239 851 2304; x_wconf 91' lang='lat' dir='ltr'>Iu</span> <span class='ocrx_word' id='word_1_155' title='bbox 876 2245 1024 2306; x_wconf 83' lang='lat' dir='ltr'>extremo</span> <span class='ocrx_word' id='word_1_156' title='bbox 1048 2240 1122 2305; x_wconf 93' lang='lat' dir='ltr'>loco</span> <span class='ocrx_word' id='word_1_157' title='bbox 1145 2241 1345 2324; x_wconf 86' lang='lat' dir='ltr'>plerumque</span> <span class='ocrx_word' id='word_1_158' title='bbox 1367 2257 1418 2320; x_wconf 93' lang='lat' dir='ltr'>po·</span> 
     </span>
     <span class='ocr_line' id='line_1_20' title="bbox 277 2331 1509 2430; baseline -0.008 -19"><span class='ocrx_word' id='word_1_159' title='bbox 277 2345 367 2411; x_wconf 89' lang='lat' dir='ltr'>nitur</span> <span class='ocrx_word' id='word_1_160' title='bbox 390 2340 612 2430; x_wconf 80' lang='grc' dir='ltr'>ἀναγόρευσις</span> <span class='ocrx_word' id='word_1_161' title='bbox 635 2341 737 2408; x_wconf 78' lang='grc' dir='ltr'><strong><em>τᾶνδε</em></strong></span> <span class='ocrx_word' id='word_1_162' title='bbox 759 2340 825 2407; x_wconf 77' lang='lat' dir='ltr'>cdv</span> <span class='ocrx_word' id='word_1_163' title='bbox 847 2338 961 2426; x_wconf 73' lang='grc' dir='ltr'>τιμᾶν,</span> <span class='ocrx_word' id='word_1_164' title='bbox 978 2343 1035 2427; x_wconf 89' lang='lat' dir='ltr'>qui</span> <span class='ocrx_word' id='word_1_165' title='bbox 1051 2343 1155 2409; x_wconf 92' lang='lat' dir='ltr'>honor</span> <span class='ocrx_word' id='word_1_166' title='bbox 1170 2344 1279 2409; x_wconf 88' lang='lat' dir='ltr'>rninor</span> <span class='ocrx_word' id='word_1_167' title='bbox 1293 2342 1419 2408; x_wconf 88' lang='lat' dir='ltr'>videtur</span> <span class='ocrx_word' id='word_1_168' title='bbox 1508 2331 1509 2338; x_wconf 58' lang='lat'><em>&#39;</em></span> 
     </span>
     <span class='ocr_line' id='line_1_21' title="bbox 278 2444 1418 2533; baseline -0.005 -21"><span class='ocrx_word' id='word_1_169' title='bbox 278 2447 397 2528; x_wconf 85' lang='lat' dir='ltr'>fuisse,</span> <span class='ocrx_word' id='word_1_170' title='bbox 428 2448 456 2513; x_wconf 89' lang='lat' dir='ltr'>si</span> <span class='ocrx_word' id='word_1_171' title='bbox 484 2447 518 2511; x_wconf 90' lang='lat' dir='ltr'>in</span> <span class='ocrx_word' id='word_1_172' title='bbox 542 2454 660 2531; x_wconf 87' lang='lat' dir='ltr'>quarto</span> <span class='ocrx_word' id='word_1_173' title='bbox 683 2449 756 2514; x_wconf 91' lang='lat' dir='ltr'>loco</span> <span class='ocrx_word' id='word_1_174' title='bbox 779 2455 853 2533; x_wconf 88' lang='lat' dir='ltr'>post</span> <span class='ocrx_word' id='word_1_175' title='bbox 876 2444 1063 2533; x_wconf 79' lang='grc' dir='ltr'><em>προεδρίαι</em></span> <span class='ocrx_word' id='word_1_176' title='bbox 1087 2445 1195 2530; x_wconf 90' lang='lat' dir='ltr'>posita</span> <span class='ocrx_word' id='word_1_177' title='bbox 1219 2447 1320 2530; x_wconf 66' lang='lat' dir='ltr'>esti),</span> <span class='ocrx_word' id='word_1_178' title='bbox 1350 2463 1418 2510; x_wconf 90' lang='lat' dir='ltr'>curn</span> 
     </span>
     <span class='ocr_line' id='line_1_22' title="bbox 278 2548 1417 2634; baseline -0.006 -18"><span class='ocrx_word' id='word_1_179' title='bbox 278 2551 382 2617; x_wconf 84' lang='lat' dir='ltr'>honos</span> <span class='ocrx_word' id='word_1_180' title='bbox 410 2550 458 2616; x_wconf 90' lang='lat' dir='ltr'>ita</span> <span class='ocrx_word' id='word_1_181' title='bbox 487 2551 617 2616; x_wconf 91' lang='lat' dir='ltr'>nonnisi</span> <span class='ocrx_word' id='word_1_182' title='bbox 646 2551 690 2616; x_wconf 89' lang='lat' dir='ltr'>ad</span> <span class='ocrx_word' id='word_1_183' title='bbox 719 2557 784 2618; x_wconf 90' lang='lat' dir='ltr'>tres</span> <span class='ocrx_word' id='word_1_184' title='bbox 813 2550 1051 2634; x_wconf 82' lang='lat' dir='ltr'>praecedentes</span> <span class='ocrx_word' id='word_1_185' title='bbox 1079 2550 1220 2616; x_wconf 87' lang='lat' dir='ltr'>honores</span> <span class='ocrx_word' id='word_1_186' title='bbox 1249 2548 1417 2634; x_wconf 76' lang='lat' dir='ltr'>pertineat.</span> 
     </span>
     <span class='ocr_line' id='line_1_23' title="bbox 280 2654 715 2738; baseline -0.007 -16"><span class='ocrx_word' id='word_1_187' title='bbox 280 2655 355 2722; x_wconf 90' lang='lat' dir='ltr'>Jam</span> <span class='ocrx_word' id='word_1_188' title='bbox 378 2655 510 2738; x_wconf 83' lang='lat' dir='ltr'>singula</span> <span class='ocrx_word' id='word_1_189' title='bbox 532 2654 715 2721; x_wconf 85' lang='lat' dir='ltr'>videamus.</span> 
     </span>
    </p>
   </div>
   <div class='ocr_carea' id='block_1_9' title="bbox 757 2906 937 2982">
    <p class='ocr_par' dir='ltr' id='par_1_9' title="bbox 757 2906 937 2982">
     <span class='ocr_line' id='line_1_24' title="bbox 757 2906 937 2982; baseline 0.011 -12"><span class='ocrx_word' id='word_1_190' title='bbox 757 2906 937 2982; x_wconf 79' lang='grc' dir='ltr'>Ἔπαινος.</span> 
     </span>
    </p>
   </div>
   <div class='ocr_carea' id='block_1_10' title="bbox 278 3061 1418 3765">
    <p class='ocr_par' dir='ltr' id='par_1_10' title="bbox 278 3061 1418 3765">
     <span class='ocr_line' id='line_1_25' title="bbox 365 3061 1418 3149; baseline -0.008 -20"><span class='ocrx_word' id='word_1_191' title='bbox 365 3063 481 3131; x_wconf 83' lang='lat' dir='ltr'>Laude</span> <span class='ocrx_word' id='word_1_192' title='bbox 504 3063 638 3149; x_wconf 81' lang='lat' dir='ltr'>publica</span> <span class='ocrx_word' id='word_1_193' title='bbox 653 3062 762 3128; x_wconf 86' lang='lat' dir='ltr'>Rhodi</span> <span class='ocrx_word' id='word_1_194' title='bbox 786 3061 895 3145; x_wconf 87' lang='lat' dir='ltr'>quivis</span> <span class='ocrx_word' id='word_1_195' title='bbox 921 3061 1041 3146; x_wconf 81' lang='lat' dir='ltr'>dignus</span> <span class='ocrx_word' id='word_1_196' title='bbox 1065 3063 1258 3146; x_wconf 86' lang='lat' dir='ltr'>habebatur,</span> <span class='ocrx_word' id='word_1_197' title='bbox 1284 3063 1339 3146; x_wconf 91' lang='lat' dir='ltr'>qui</span> <span class='ocrx_word' id='word_1_198' title='bbox 1360 3061 1418 3124; x_wconf 88' lang='lat' dir='ltr'>rei-</span> 
     </span>
     <span class='ocr_line' id='line_1_26' title="bbox 280 3164 1416 3250; baseline -0.007 -18"><span class='ocrx_word' id='word_1_199' title='bbox 280 3167 434 3250; x_wconf 87' lang='lat' dir='ltr'>publicae</span> <span class='ocrx_word' id='word_1_200' title='bbox 463 3188 595 3248; x_wconf 88' lang='lat' dir='ltr'>munus,</span> <span class='ocrx_word' id='word_1_201' title='bbox 620 3165 709 3250; x_wconf 92' lang='lat' dir='ltr'>quod</span> <span class='ocrx_word' id='word_1_202' title='bbox 739 3164 770 3232; x_wconf 91' lang='lat' dir='ltr'>ei</span> <span class='ocrx_word' id='word_1_203' title='bbox 797 3171 930 3230; x_wconf 89' lang='lat' dir='ltr'>senatus</span> <span class='ocrx_word' id='word_1_204' title='bbox 953 3166 1008 3231; x_wconf 79' lang='lat' dir='ltr'>vel</span> <span class='ocrx_word' id='word_1_205' title='bbox 1032 3165 1173 3250; x_wconf 91' lang='lat' dir='ltr'>populus</span> <span class='ocrx_word' id='word_1_206' title='bbox 1196 3167 1416 3242; x_wconf 78' lang='lat' dir='ltr'>mandaverat,</span> 
     </span>
     <span class='ocr_line' id='line_1_27' title="bbox 280 3266 1417 3353; baseline -0.006 -19"><span class='ocrx_word' id='word_1_207' title='bbox 280 3277 466 3353; x_wconf 89' lang='lat' dir='ltr'>susceptum</span> <span class='ocrx_word' id='word_1_208' title='bbox 489 3268 632 3336; x_wconf 87' lang='lat' dir='ltr'>feliciter</span> <span class='ocrx_word' id='word_1_209' title='bbox 655 3269 861 3351; x_wconf 87' lang='lat' dir='ltr'>expleverat.</span> <span class='ocrx_word' id='word_1_210' title='bbox 907 3267 959 3332; x_wconf 90' lang='lat' dir='ltr'>lta</span> <span class='ocrx_word' id='word_1_211' title='bbox 981 3267 1015 3331; x_wconf 92' lang='lat' dir='ltr'>in</span> <span class='ocrx_word' id='word_1_212' title='bbox 1038 3267 1134 3333; x_wconf 90' lang='lat' dir='ltr'>titulo</span> <span class='ocrx_word' id='word_1_213' title='bbox 1156 3267 1310 3353; x_wconf 69' lang='lat' dir='ltr'>Lindioss)</span> <span class='ocrx_word' id='word_1_214' title='bbox 1335 3266 1417 3330; x_wconf 86' lang='lat' dir='ltr'>viros</span> 
     </span>
     <span class='ocr_line' id='line_1_28' title="bbox 279 3369 1417 3453; baseline -0.008 -15"><span class='ocrx_word' id='word_1_215' title='bbox 279 3372 323 3438; x_wconf 90' lang='lat' dir='ltr'>ad</span> <span class='ocrx_word' id='word_1_216' title='bbox 353 3373 543 3438; x_wconf 81' lang='lat' dir='ltr'>Lindiorum</span> <span class='ocrx_word' id='word_1_217' title='bbox 573 3370 753 3438; x_wconf 83' lang='lat' dir='ltr'>electiones</span> <span class='ocrx_word' id='word_1_218' title='bbox 782 3369 1006 3453; x_wconf 90' lang='lat' dir='ltr'>inspiciendas</span> <span class='ocrx_word' id='word_1_219' title='bbox 1029 3371 1168 3450; x_wconf 73' lang='lat' dir='ltr'>eleotoS‚</span> <span class='ocrx_word' id='word_1_220' title='bbox 1194 3390 1267 3435; x_wconf 90' lang='lat' dir='ltr'>cum</span> <span class='ocrx_word' id='word_1_221' title='bbox 1289 3384 1417 3434; x_wconf 88' lang='lat' dir='ltr'>munere</span> 
     </span>
     <span class='ocr_line' id='line_1_29' title="bbox 278 3469 1417 3639; baseline -0.007 -99"><span class='ocrx_word' id='word_1_222' title='bbox 278 3477 363 3543; x_wconf 88' lang='lat' dir='ltr'>bene</span> <span class='ocrx_word' id='word_1_223' title='bbox 376 3474 481 3541; x_wconf 86' lang='lat' dir='ltr'>functi</span> <span class='ocrx_word' id='word_1_224' title='bbox 495 3483 611 3555; x_wconf 90' lang='lat' dir='ltr'>essent,</span> <span class='ocrx_word' id='word_1_225' title='bbox 627 3474 728 3541; x_wconf 89' lang='lat' dir='ltr'>laude</span> <span class='ocrx_word' id='word_1_226' title='bbox 741 3473 876 3557; x_wconf 90' lang='lat' dir='ltr'>publica</span> <span class='ocrx_word' id='word_1_227' title='bbox 893 3481 1025 3540; x_wconf 90' lang='lat' dir='ltr'>ornatos</span> <span class='ocrx_word' id='word_1_228' title='bbox 1044 3493 1117 3539; x_wconf 88' lang='lat' dir='ltr'>esse</span> <span class='ocrx_word' id='word_1_229' title='bbox 1130 3473 1279 3557; x_wconf 83' lang='lat' dir='ltr'>legimus.</span> <span class='ocrx_word' id='word_1_230' title='bbox 1302 3469 1417 3639; x_wconf 59' lang='grc' dir='ltr'>Ηιιιιιι-</span> 
     </span>
     <span class='ocr_line' id='line_1_30' title="bbox 279 3576 1416 3660; baseline -0.006 -17"><span class='ocrx_word' id='word_1_231' title='bbox 279 3579 367 3645; x_wconf 90' lang='lat' dir='ltr'>modi</span> <span class='ocrx_word' id='word_1_232' title='bbox 409 3579 543 3646; x_wconf 89' lang='lat' dir='ltr'>decreta</span> <span class='ocrx_word' id='word_1_233' title='bbox 578 3578 757 3644; x_wconf 88' lang='lat' dir='ltr'>honorifica</span> <span class='ocrx_word' id='word_1_234' title='bbox 791 3577 960 3660; x_wconf 89' lang='lat' dir='ltr'>lapidibus</span> <span class='ocrx_word' id='word_1_235' title='bbox 997 3576 1223 3643; x_wconf 88' lang='lat' dir='ltr'>inscribebant</span> <span class='ocrx_word' id='word_1_236' title='bbox 1210 3583 1333 3660; x_wconf 87' lang='lat' dir='ltr'>tuur‚</span> <span class='ocrx_word' id='word_1_237' title='bbox 1314 3581 1416 3640; x_wconf 81' lang='lat' dir='ltr'>urtcx</span> 
     </span>
     <span class='ocr_line' id='line_1_31' title="bbox 280 3667 1416 3765; baseline -0.01 -17"><span class='ocrx_word' id='word_1_238' title='bbox 280 3682 396 3749; x_wconf 90' lang='lat' dir='ltr'>eodem</span> <span class='ocrx_word' id='word_1_239' title='bbox 426 3681 523 3747; x_wconf 88' lang='lat' dir='ltr'>titulo</span> <span class='ocrx_word' id='word_1_240' title='bbox 554 3681 683 3765; x_wconf 91' lang='lat' dir='ltr'>liquido</span> <span class='ocrx_word' id='word_1_241' title='bbox 714 3667 861 3764; x_wconf 90' lang='lat' dir='ltr'>apparet.</span> <span class='ocrx_word' id='word_1_242' title='bbox 908 3679 1002 3744; x_wconf 90' lang='lat' dir='ltr'>Hanc</span> <span class='ocrx_word' id='word_1_243' title='bbox 1027 3679 1163 3762; x_wconf 87' lang='lat' dir='ltr'>quidem</span> <span class='ocrx_word' id='word_1_244' title='bbox 1184 3678 1416 3750; x_wconf 87' lang='lat' dir='ltr'>laudationem,</span> 
     </span>
    </p>
   </div>
   <div class='ocr_carea' id='block_1_11' title="bbox 278 3897 1397 4403">
    <p class='ocr_par' dir='ltr' id='par_1_11' title="bbox 278 3897 1397 4403">
     <span class='ocr_line' id='line_1_32' title="bbox 349 3897 1397 3975; baseline -0.008 -16"><span class='ocrx_word' id='word_1_245' title='bbox 349 3906 376 3975; x_wconf 73' lang='lat'>1)</span> <span class='ocrx_word' id='word_1_246' title='bbox 395 3907 431 3960; x_wconf 88' lang='lat' dir='ltr'>R.</span> <span class='ocrx_word' id='word_1_247' title='bbox 450 3905 484 3962; x_wconf 99' lang='lat' dir='ltr'>A.</span> <span class='ocrx_word' id='word_1_248' title='bbox 503 3905 581 3973; x_wconf 78' lang='lat' dir='ltr'>XVI,</span> <span class='ocrx_word' id='word_1_249' title='bbox 600 3922 646 3960; x_wconf 92' lang='lat' dir='ltr'>nn.</span> <span class='ocrx_word' id='word_1_250' title='bbox 666 3904 708 3973; x_wconf 85' lang='grc'>68,</span> <span class='ocrx_word' id='word_1_251' title='bbox 727 3905 778 3972; x_wconf 87' lang='grc'>69·</span> <span class='ocrx_word' id='word_1_252' title='bbox 797 3902 881 3970; x_wconf 78' lang='lat' dir='ltr'>Rosa,</span> <span class='ocrx_word' id='word_1_253' title='bbox 901 3901 984 3956; x_wconf 90' lang='lat' dir='ltr'>Areh</span> <span class='ocrx_word' id='word_1_254' title='bbox 1003 3900 1084 3956; x_wconf 73' lang='lat' dir='ltr'>Auis.</span> <span class='ocrx_word' id='word_1_255' title='bbox 1103 3919 1150 3960; x_wconf 92' lang='lat' dir='ltr'>nn</span> <span class='ocrx_word' id='word_1_256' title='bbox 1169 3902 1193 3969; x_wconf 92' lang='lat'>1,</span> <span class='ocrx_word' id='word_1_257' title='bbox 1212 3902 1254 3974; x_wconf 95' lang='grc'>21,</span> <span class='ocrx_word' id='word_1_258' title='bbox 1274 3902 1316 3966; x_wconf 88' lang='grc'>22,</span> <span class='ocrx_word' id='word_1_259' title='bbox 1334 3897 1397 3952; x_wconf 88' lang='grc'>23</span> 
     </span>
     <span class='ocr_line' id='line_1_33' title="bbox 347 3986 1179 4064; baseline -0.002 -20"><span class='ocrx_word' id='word_1_260' title='bbox 347 3990 376 4059; x_wconf 88' lang='grc'>2)</span> <span class='ocrx_word' id='word_1_261' title='bbox 395 3991 478 4060; x_wconf 83' lang='lat' dir='ltr'>Ross,</span> <span class='ocrx_word' id='word_1_262' title='bbox 496 3989 581 4046; x_wconf 89' lang='lat' dir='ltr'>Arch</span> <span class='ocrx_word' id='word_1_263' title='bbox 600 3988 681 4044; x_wconf 86' lang='lat' dir='ltr'>Aufs</span> <span class='ocrx_word' id='word_1_264' title='bbox 700 3989 739 4055; x_wconf 87' lang='grc' dir='ltr'>ΙΙ,</span> <span class='ocrx_word' id='word_1_265' title='bbox 758 4005 805 4064; x_wconf 90' lang='grc' dir='ltr'>ιιι.</span> <span class='ocrx_word' id='word_1_266' title='bbox 823 3989 848 4056; x_wconf 92' lang='grc'>2,</span> <span class='ocrx_word' id='word_1_267' title='bbox 867 3989 915 4056; x_wconf 87' lang='grc'>24,</span> <span class='ocrx_word' id='word_1_268' title='bbox 935 3987 971 4042; x_wconf 88' lang='lat' dir='ltr'>R.</span> <span class='ocrx_word' id='word_1_269' title='bbox 989 3986 1023 4041; x_wconf 91' lang='lat' dir='ltr'>A.</span> <span class='ocrx_word' id='word_1_270' title='bbox 1041 3987 1091 4056; x_wconf 86' lang='lat' dir='ltr'>XI,</span> <span class='ocrx_word' id='word_1_271' title='bbox 1109 4005 1136 4042; x_wconf 95' lang='lat' dir='ltr'>n.</span> <span class='ocrx_word' id='word_1_272' title='bbox 1156 3992 1179 4043; x_wconf 93' lang='lat'>1.</span> 
     </span>
     <span class='ocr_line' id='line_1_34' title="bbox 278 4073 1275 4148; baseline -0.005 -19"><span class='ocrx_word' id='word_1_273' title='bbox 278 4083 281 4089; x_wconf 86' lang='grc'><em>“</em></span> <span class='ocrx_word' id='word_1_274' title='bbox 347 4075 375 4144; x_wconf 81' lang='grc'>3)</span> <span class='ocrx_word' id='word_1_275' title='bbox 395 4075 478 4144; x_wconf 73' lang='lat' dir='ltr'>Roas,</span> <span class='ocrx_word' id='word_1_276' title='bbox 497 4074 582 4131; x_wconf 91' lang='lat' dir='ltr'>Arch</span> <span class='ocrx_word' id='word_1_277' title='bbox 601 4073 717 4129; x_wconf 79' lang='lat' dir='ltr'>Ausul.</span> <span class='ocrx_word' id='word_1_278' title='bbox 736 4075 754 4128; x_wconf 91' lang='lat' dir='ltr'>l.</span> <span class='ocrx_word' id='word_1_279' title='bbox 773 4090 799 4127; x_wconf 91' lang='lat' dir='ltr'>n.</span> <span class='ocrx_word' id='word_1_280' title='bbox 817 4073 862 4130; x_wconf 88' lang='grc'>22</span> <span class='ocrx_word' id='word_1_281' title='bbox 1271 4139 1275 4148; x_wconf 33' lang='grc'><strong>,</strong></span> 
     </span>
     <span class='ocr_line' id='line_1_35' title="bbox 346 4159 1184 4229; baseline 0 -15"><span class='ocrx_word' id='word_1_282' title='bbox 346 4161 376 4229; x_wconf 79' lang='grc'>4)</span> <span class='ocrx_word' id='word_1_283' title='bbox 394 4161 480 4228; x_wconf 82' lang='lat' dir='ltr'>Rosa,</span> <span class='ocrx_word' id='word_1_284' title='bbox 498 4161 583 4215; x_wconf 89' lang='lat' dir='ltr'>Arch.</span> <span class='ocrx_word' id='word_1_285' title='bbox 601 4159 683 4215; x_wconf 79' lang='lat' dir='ltr'>Auis.</span> <span class='ocrx_word' id='word_1_286' title='bbox 703 4160 720 4216; x_wconf 96' lang='lat' dir='ltr'>l</span> <span class='ocrx_word' id='word_1_287' title='bbox 739 4161 758 4214; x_wconf 94' lang='lat' dir='ltr'>l.</span> <span class='ocrx_word' id='word_1_288' title='bbox 778 4177 805 4213; x_wconf 92' lang='lat' dir='ltr'>n.</span> <span class='ocrx_word' id='word_1_289' title='bbox 825 4161 874 4228; x_wconf 87' lang='grc'>21,</span> <span class='ocrx_word' id='word_1_290' title='bbox 892 4160 928 4219; x_wconf 86' lang='lat' dir='ltr'><strong>R</strong></span> <span class='ocrx_word' id='word_1_291' title='bbox 947 4159 981 4215; x_wconf 91' lang='lat' dir='ltr'>A.</span> <span class='ocrx_word' id='word_1_292' title='bbox 1000 4159 1076 4229; x_wconf 77' lang='lat' dir='ltr'>XVI,</span> <span class='ocrx_word' id='word_1_293' title='bbox 1096 4176 1123 4214; x_wconf 92' lang='lat' dir='ltr'>n.</span> <span class='ocrx_word' id='word_1_294' title='bbox 1142 4160 1184 4214; x_wconf 88' lang='grc'>68.</span> 
     </span>
     <span class='ocr_line' id='line_1_36' title="bbox 347 4245 793 4315; baseline -0.005 -15"><span class='ocrx_word' id='word_1_295' title='bbox 347 4245 376 4315; x_wconf 83' lang='grc'>5)</span> <span class='ocrx_word' id='word_1_296' title='bbox 394 4248 477 4314; x_wconf 80' lang='lat' dir='ltr'>Rosa,</span> <span class='ocrx_word' id='word_1_297' title='bbox 496 4247 582 4302; x_wconf 88' lang='lat' dir='ltr'>Arcb.</span> <span class='ocrx_word' id='word_1_298' title='bbox 600 4245 682 4302; x_wconf 89' lang='lat' dir='ltr'>Aufs.</span> <span class='ocrx_word' id='word_1_299' title='bbox 701 4263 729 4300; x_wconf 91' lang='lat' dir='ltr'>n.</span> <span class='ocrx_word' id='word_1_300' title='bbox 749 4246 793 4299; x_wconf 89' lang='grc'>21.</span> 
     </span>
     <span class='ocr_line' id='line_1_37' title="bbox 320 4329 676 4403; baseline 0.003 -16"><span class='ocrx_word' id='word_1_301' title='bbox 320 4392 323 4396; x_wconf 63' lang='grc'>,</span> <span class='ocrx_word' id='word_1_302' title='bbox 348 4332 377 4403; x_wconf 91' lang='grc'>6)</span> <span class='ocrx_word' id='word_1_303' title='bbox 396 4334 431 4387; x_wconf 88' lang='lat' dir='ltr'>R.</span> <span class='ocrx_word' id='word_1_304' title='bbox 450 4329 485 4386; x_wconf 88' lang='lat' dir='ltr'>A.</span> <span class='ocrx_word' id='word_1_305' title='bbox 504 4332 568 4399; x_wconf 86' lang='lat' dir='ltr'>XV,</span> <span class='ocrx_word' id='word_1_306' title='bbox 587 4350 614 4387; x_wconf 91' lang='lat' dir='ltr'>n.</span> <span class='ocrx_word' id='word_1_307' title='bbox 634 4333 676 4388; x_wconf 91' lang='grc'>60.</span> 
     </span>
    </p>
   </div>
   <div class='ocr_carea' id='block_1_12' title="bbox 0 0 1552 4874">
    <p class='ocr_par' dir='ltr' id='par_1_12' title="bbox 0 0 1552 4874">
     <span class='ocr_line' id='line_1_38' title="bbox 0 0 1552 4874; baseline 0 0"><span class='ocrx_word' id='word_1_308' title='bbox 0 0 1552 4874; x_wconf 95' lang='lat' dir='ltr'> </span> 
     </span>
    </p>
   </div>
  </div>
 </body>
</html>
