3096 4874
625 323 841 388 ..39-

175 507 273 593 916.
318 508 372 576 lto
397 507 480 574 aliis
505 509 721 590 quibusdam
745 509 972 575 Rhodiorum
996 511 1286 591 magistratibus.

497 662 703 749 Ἐπιστάτης
726 663 793 729 ταῖν
817 664 963 730 παίδων.

247 797 283 863 si
318 797 398 880 quid
433 806 498 882 est,
535 797 624 881 quod
653 798 858 882 reipublicae
887 798 972 866 bene
1004 799 1198 866 constitutae
1229 821 1302 866 cum

159 902 379 970 emolumento
403 908 471 966 tum
495 908 685 968 ornamento
711 922 782 968 esse
808 909 840 967 et
858 902 960 984 possit
983 908 1017 968 et
1032 901 1163 986 debeat,
1182 903 1301 986 juven·

157 1014 213 1072 tus
235 1003 382 1088 profecto
406 1005 491 1072 bene
515 1005 657 1071 educata
681 1011 739 1070 est.
780 1004 854 1081 Qua
877 1004 917 1070 de
935 1025 1036 1070 causa
1050 1005 1084 1069 in
1100 1003 1302 1072 Graecorum

156 1109 257 1174 rebus
301 1105 444 1188 publicis
488 1107 526 1172 id
570 1106 747 1190 praecipue
798 1106 1016 1174 admiratione
1062 1107 1198 1190 dignum
1242 1116 1302 1191 est,
1349 1121 1351 1124 ’

157 1211 249 1295 qnod
276 1209 371 1294 pueri
399 1209 565 1275 educandi
593 1231 660 1276 non
683 1211 875 1294 parentibus
898 1215 955 1274 aut
978 1209 1133 1294 adgnatis
1155 1211 1215 1278 sed
1238 1212 1301 1280 rci-

156 1313 313 1398 publicae
345 1313 508 1383 commissi
538 1318 647 1396 erant,
677 1319 714 1378 ut
736 1314 834 1379 liberi
857 1334 897 1380 ea
919 1313 1047 1380 ratione
1071 1313 1300 1400 educarentur,

158 1437 225 1500 qua
249 1416 386 1498 civitati,
411 1416 465 1480 cui
487 1417 692 1499 potissimum
715 1415 907 1498 notiorem,
931 1437 995 1481 non
1014 1415 1135 1482 damno
1152 1418 1212 1483 sed
1227 1419 1302 1485 usui

158 1541 231 1588 esse
255 1525 398 1603 possent.
428 1518 541 1596 Quam
564 1520 698 1603 quidem
716 1519 903 1603 juventutis
919 1519 1115 1586 educandae
1130 1522 1300 1605 rationem,

157 1642 258 1706 quam
287 1622 427 1706 Spartae
462 1643 482 1686 a
511 1622 665 1707 Lycurgo
700 1623 885 1688 institutam
920 1643 993 1689 esse
1021 1622 1156 1706 scimus,
1191 1623 1302 1690 Rhodi

158 1747 289 1810 quoque
318 1725 421 1791 fuisse
448 1745 491 1790 ex
513 1727 609 1790 titulo
633 1726 779 1809 quodam
801 1724 932 1791 Rhodio
956 1725 1146 1810 apparet1),
1175 1727 1209 1791 in
1236 1747 1299 1810 quo

122 1898 125 1903 ,
156 1830 360 1896 Rhodiorum
389 1829 600 1913 magistratus
629 1828 764 1913 quidam
789 1827 972 1912 ἐπιστάτης
994 1827 1061 1893 τῶν
1085 1827 1222 1893 παίδων
1244 1851 1301 1896 no·

159 1934 309 1998 minatur.
346 1933 505 2016 Ejusdem
527 1932 668 1998 nominis
684 1933 896 2016 magistratus
911 1933 1001 2016 apud
1017 1932 1301 2000 Lacedaemonios

161 2037 232 2120 fuit,
255 2056 362 2120 neque
384 2037 506 2119 injuria
529 2038 716 2103 Foncartus
740 2043 835 2121 putat
849 2037 1000 2103 Rhodios
1017 2037 1111 2101 illum
1126 2037 1299 2120 magistra·

156 2149 226 2206 tum
249 2141 470 2223 instituentes,
500 2139 787 2206 Lacedaemonios
809 2147 940 2206 secutos
964 2162 1035 2208 csse
1044 2140 1081 2226 ²).
1126 2141 1300 2226 Lycurgus

156 2244 291 2327 quidem
314 2244 492 2309 liberorum
516 2242 762 2308 educandorum
787 2262 898 2307 curam
923 2243 1073 2308 omnibus
1097 2249 1175 2307 natu
1198 2244 1300 2326 majo·

155 2347 248 2412 ribus
275 2345 491 2412 mandaverat
520 2344 578 2410 sed
606 2345 747 2428 posteris
769 2345 971 2428 temporibus
993 2346 1179 2412 labentibus
1201 2345 1299 2411 mori·

155 2450 218 2524 bus
248 2458 347 2533 atque
374 2449 580 2515 increscente
607 2448 811 2532 singulorum
838 2448 872 2512 in
902 2470 970 2515 rem
1000 2449 1167 2532 publicam
1194 2449 1298 2533 negli-

155 2551 270 2637 gentia
293 2552 423 2618 videtur
445 2573 528 2636 opus
550 2551 661 2635 fuisse,
685 2560 721 2619 ut
742 2552 825 2616 hacc
849 2573 927 2616 cura
943 2553 1074 2636 proprio
1091 2552 1298 2637 magistratui

156 2655 351 2723 deferretur.
397 2656 504 2739 Hujus
526 2662 636 2721 antem
659 2654 871 2738 magistratus
895 2655 973 2720 ordo
997 2662 1096 2738 atque
1119 2657 1298 2722 auctoritas

153 2778 216 2843 pro
238 2759 383 2824 muneris
405 2760 569 2843 gravitate
592 2759 682 2824 haud
704 2759 752 2824 ita
768 2779 872 2842 parva
887 2757 959 2840 fuit,
984 2779 1058 2824 cunr
1081 2760 1136 2844 qui
1152 2760 1186 2824 in
1202 2760 1298 2825 titulo

154 2862 245 2926 hunc
267 2861 492 2944 magistratum
517 2861 658 2943 gessisse
684 2860 812 2944 dicitur,
836 2880 971 2925 munere
994 2860 1186 2944 perfunctus
1210 2861 1298 2946 ἱερο-

154 2962 262 3048 douae
291 2971 324 3032 et
351 2972 420 3050 tum
449 2965 598 3049 prytanis
627 2963 734 3028 factus
757 2963 808 3028 sit.
854 2961 992 3028 Athenis
1009 2963 1194 3046 juventutis
1218 2967 1298 3032 edu·

155 3067 284 3134 candae
308 3087 419 3132 euram
444 3075 532 3131 certo
557 3067 703 3149 praetori
725 3064 916 3156 mandatam
941 3085 1012 3132 esse
1035 3065 1165 3132 scimus.

242 3170 329 3235 Huic
344 3170 547 3235 Rhodiorum
571 3167 737 3261 ἑπιστυίυχ
758 3165 826 3232 των
850 3165 986 3231 παίδων
1002 3168 1153 3236 subditus
1168 3172 1298 3240 videtur

154 3273 260 3340 fuisse
283 3276 541 3360 γυμνασίαρχος,
565 3273 731 3340 interioris
754 3271 881 3338 scilicet
904 3271 1028 3337 ordinis
1043 3272 1253 3355 magistratus
1262 3275 1296 3360 ³).

152 3377 280 3442 Horum
309 3382 418 3442 autem
454 3375 713 3462 γυμνασιάρχων
744 3376 837 3440 varia
859 3394 983 3458 genera
1005 3373 1106 3440 fuisse
1132 3376 1296 3459 videntur,

152 3480 190 3545 id
214 3480 303 3563 quod
324 3500 367 3546 ex
389 3479 634 3564 gymnasiarchi
657 3478 769 3545 Lindii
792 3478 935 3562 epitheto
961 3474 1117 3562 νεώτερος
1142 3481 1297 3546 concludi

152 3590 263 3666 potest
273 3584 306 3669 ³).
352 3585 503 3649 Forsitan
527 3583 717 3648 Lindiorum
749 3585 997 3667 γυμνασίαρχος
1027 3579 1184 3668 νεώτερος
1207 3583 1296 3650 idem

152 3687 367 3770 magistratus
390 3692 461 3752 erat
483 3693 582 3769 atque
602 3684 790 3772 ἐφήβαρχος
813 3687 867 3750 vel
884 3684 1107 3751 Stratoniceus
1122 3685 1179 3752 ille
1196 3709 1295 3770 γυμν-

152 3791 317 3874 ασίαρχος
339 3787 405 3854 τῶν
428 3793 512 3853 νέων
521 3788 558 3874 ⁴).

243 3891 414 3968 Quomodo
448 3891 547 3958 liberi
576 3889 684 3957 Rhodi
719 3891 852 3957 educati
886 3891 966 3973 sint,
1005 3912 1202 3974 quamquam
1237 3914 1296 3976 per

226 4084 240 4134 1

224 4170 240 4222 2

244 4080 308 4151 )R.
326 4081 360 4137 A.
379 4081 428 4150 XI,
447 4096 474 4136 n.
493 4085 517 4138 2.

243 4166 551 4238 )RAHpQ

215 4251 255 4336 ¹3)
274 4254 357 4322 Ross,
375 4250 461 4306 Arch.
481 4251 560 4306 Aufs.
579 4251 616 4320 Π,
635 4269 661 4308 n.
680 4252 723 4306 26.

223 4337 493 4410 θαίᾶἯἋ
