3096 4874
738 329 953 395 ..16-

276 501 354 566 item
388 501 421 563 in
456 519 616 583 pagorum
646 518 779 564 numero
811 505 1059 582 enumerantur,
1095 497 1174 564 inde
1204 495 1418 588 repetendum

276 602 420 685 videtur,
453 601 541 685 qnod
570 601 604 666 in
632 601 692 667 illa
720 602 834 686 populi
864 602 1026 670 divisione
1055 602 1090 666 in
1114 604 1247 676 κτοίνας
1276 601 1301 664 ii
1330 598 1417 684 pagi,
1527 587 1528 630 i

279 704 398 789 quibus
420 710 556 788 propter
580 704 796 789 exiguitatem
820 707 955 788 propria
971 706 1071 772 aedes
1086 702 1290 790 (ἁγιώτατον
1310 701 1418 788 ἱερόν)

277 807 411 873 omnino
436 826 503 871 non
527 812 621 889 esset,
648 827 721 872 cum
737 828 803 872 una
819 827 862 873 ex
878 807 997 873 vicinis
1013 811 1161 882 κτοίναις
1178 808 1418 874 coalescebant.

276 912 422 995 Δρυίτας
463 909 597 991 quidem
636 909 680 975 ad
715 909 947 992 Lindopolitas
980 911 1176 993 pertinuisse
1213 908 1418 990 crediderim,

277 1011 473 1097 quibuscum
497 1012 530 1078 in
553 1013 649 1078 titulo
672 1013 815 1096 quodam
839 1035 905 1078 una
925 1014 1135 1081 nominantur
1145 1013 1181 1101 ¹).

363 1115 449 1180 Huic
478 1116 592 1199 populi
623 1115 778 1181 divisioni
809 1118 842 1180 iu
867 1120 1000 1190 κτοίνας
1024 1116 1141 1182 similis
1164 1116 1296 1183 videtur
1319 1116 1420 1184 fuisse

276 1221 336 1285 illa
361 1216 487 1300 divisio,
513 1237 579 1301 qua
600 1217 784 1285 Clisthenes
800 1218 1018 1286 Athenienses
1040 1219 1074 1284 in
1101 1221 1163 1285 100
1184 1238 1289 1303 pagos
1314 1219 1420 1285 distri·
1527 1293 1528 1312 ,

277 1321 357 1405 buit,
382 1340 489 1403 neque
514 1320 638 1404 dubito,
662 1320 741 1404 quin
765 1322 847 1388 haec
870 1323 1041 1406 popularis
1065 1322 1207 1389 civitatis
1229 1322 1262 1387 in
1287 1325 1420 1396 κτοίνας
1527 1341 1528 1392 ι

280 1422 529 1490 distribuendae
564 1424 647 1490 ratio
679 1431 755 1508 post
782 1445 902 1491 novam
930 1425 1082 1491 Rhodum
1111 1428 1225 1494 urbem
1255 1426 1420 1492 conditam
1527 1409 1528 1420 ¹

279 1526 410 1592 demum
439 1525 590 1591 instituta
619 1525 676 1609 sit,
706 1547 780 1592 cum
808 1528 969 1593 nobilium
995 1528 1183 1612 principatu
1211 1529 1340 1596 sublato
1363 1530 1421 1594 im·
1527 1569 1528 1624 ,

278 1629 404 1713 perium
434 1628 523 1712 apud
551 1631 710 1713 populum
740 1638 840 1715 esset,
871 1633 1063 1715 praesertim
1092 1653 1165 1698 cum
1195 1632 1277 1698 haec
1307 1633 1421 1716 populi

278 1730 397 1796 divisio
421 1752 486 1797 non
509 1732 572 1797 nisi
587 1733 620 1797 iu
637 1732 679 1798 iis
697 1734 886 1800 civitatibus
902 1735 1099 1819 inveniatur,
1123 1736 1157 1800 iu
1175 1735 1294 1819 quibus
1311 1735 1422 1802 omnia
1527 1733 1528 1742 ’

278 1855 298 1899 a
320 1835 443 1917 populo
467 1841 633 1918 regantur.
679 1832 801 1910 Quanti
824 1841 933 1901 autem
957 1834 1001 1899 ad
1023 1836 1260 1918 rempublicam
1283 1834 1421 1901 admini-

278 1937 446 2004 strandam
473 1937 629 2003 momenti
657 1937 916 2020 apudRhodios
945 1942 1075 1999 κτοῖναι
1106 1936 1244 2018 fuerint,
1274 1937 1352 2004 inde
1375 1939 1422 2002 in-

279 2041 458 2124 tellegitur,
484 2040 572 2123 quod
595 2038 680 2102 κατὰ
695 2042 829 2113 nouos
844 2036 1002 2124 μάστροι,
1024 2037 1228 2103 Rhodiorum
1244 2045 1420 2120 senatores,

281 2143 498 2229 eligebantur,
529 2162 590 2209 uec
614 2142 738 2222 dubito,
764 2142 842 2226 quin
865 2141 951 2208 aliae
975 2160 1106 2225 quoque
1129 2140 1307 2208 electiones
1330 2139 1422 2223 apud

281 2245 429 2312 Rhodios
456 2246 543 2310 κατὰ
566 2249 699 2321 revolvar
723 2246 832 2314 factae
856 2245 930 2312 sint.

649 2469 681 2552 ἕ.
706 2469 738 2537 6.
782 2468 834 2533 lle
858 2469 1048 2534 classibus.

324 2638 326 2642 ·
367 2622 478 2688 Novas
501 2621 577 2688 illas
600 2621 714 2704 tribus,
734 2641 819 2702 quae
835 2621 877 2686 ad
895 2629 1022 2688 veteres
1038 2621 1143 2688 tribus
1155 2621 1294 2686 Doricos
1309 2641 1418 2688 acces·
1527 2683 1528 2688 ,

280 2730 409 2808 serunt,
442 2731 478 2788 ut
511 2723 582 2789 fieri
621 2723 749 2790 solebat
783 2723 817 2788 in
850 2724 998 2807 plurimis
1032 2723 1222 2790 ciuitatibus
1249 2724 1418 2807 Dorioist,

280 2828 328 2891 ita
356 2827 466 2892 Rhodi
497 2845 627 2909 quoque
657 2826 697 2892 de
727 2826 794 2892 suis
818 2827 949 2910 juribus
979 2834 1144 2894 certamen
1175 2847 1248 2892 oum
1271 2826 1420 2893 tribubus

281 2929 414 2995 Doriois
443 2929 556 2994 iniisse
586 2929 764 2994 admodum
793 2929 972 2995 verisimile
1001 2936 1060 2996 est.
1107 2929 1209 3012 Cujus
1232 2928 1419 2995 certaminis
1527 2965 1528 3020 ,

287 3039 425 3099 eventus
447 3032 556 3099 Rhodi
586 3031 673 3097 idem
697 3031 828 3097 videtur
851 3032 952 3098 luisse
975 3039 1074 3116 atque
1096 3032 1131 3097 in
1155 3032 1321 3116 plerisque
1344 3032 1420 3098 civi·
1527 3021 1528 3062 i

281 3136 406 3202 tatibus
429 3135 576 3216 Doricis,
607 3142 643 3201 ut
672 3135 849 3202 nobiliores
870 3136 993 3201 Dorum
1017 3142 1133 3220 gentes
1156 3135 1341 3219 superiores
1364 3133 1420 3199 de·
1527 3203 1528 3210 χ

282 3239 455 3324 cederent,
490 3260 587 3323 reges
614 3239 768 3304 tollerent
796 3245 830 3305 et
857 3239 1061 3323 reipublicae
1085 3238 1222 3305 formam
1246 3239 1419 3304 constitue·
1527 3305 1528 3324 ,

283 3348 364 3426 rent,
390 3363 455 3425 qua
479 3343 588 3409 omnia
611 3363 632 3406 a
654 3341 820 3408 nobilibus
842 3349 1044 3427 regerentur.
1089 3342 1160 3410 Noc
1183 3348 1291 3406 tamen
1314 3361 1420 3424 popu-

281 3447 334 3512 lus
358 3467 379 3512 a
408 3446 575 3513 nobilibus
603 3466 735 3529 prorsus
766 3466 940 3530 oppressus
963 3453 1027 3529 est,
1052 3446 1112 3512 sed
1134 3444 1291 3510 nobilium
1316 3443 1419 3510 domi·

265 3552 416 3633 ¹natione
451 3550 557 3634 magis
591 3550 762 3633 magisque
789 3570 861 3617 sese
890 3551 1032 3617 liberare
1061 3547 1201 3628 studuit,
1229 3546 1421 3630 praesertim

284 3677 374 3740 cum,
403 3663 439 3720 ut
468 3661 558 3720 certa
587 3653 650 3720 sibi
672 3655 750 3736 jura
779 3656 976 3738 acquireret,
1006 3652 1119 3736 inopia
1147 3671 1186 3716 ac
1215 3656 1419 3734 paupertate,

284 3778 349 3842 qua
371 3757 511 3841 subjecti
534 3758 774 3841 premebantur,
799 3777 999 3842 magnopere
1021 3756 1224 3822 incitaretur.

371 3859 470 3926 Haud
500 3880 638 3944 parvum
667 3861 775 3944 plebis
803 3860 837 3924 in
867 3861 929 3926 hoo
960 3859 1136 3926 certamine
1167 3858 1422 3925 emolumentum

285 3970 431 4030 veterem
460 3963 552 4028 illam
582 3966 690 4048 legem
722 3963 824 4030 fuisse
848 3963 1055 4046 crediderim,
1079 3981 1144 4044 qua
1166 3959 1283 4026 Strabo
1308 3959 1388 4025 dicit
1397 3957 1423 4043 ³)

354 4168 383 4238 1)
403 4170 439 4225 R.
458 4169 493 4224 Α.
513 4168 591 4236 XllI,
610 4183 637 4223 n.
656 4171 682 4223 6.

355 4255 383 4326 2)
403 4256 568 4321 Herrmann,
589 4253 766 4312 st-Auerth.
786 4256 827 4324 20,
849 4258 888 4311 ll.

355 4341 384 4412 3)
405 4341 498 4396 Strab.
517 4342 593 4410 XIV,
612 4341 671 4396 653.
