3096 4874
612 319 827 384 ..15-

145 500 246 560 oeret.
283 490 497 574 Comprobari
520 510 572 558 res
595 489 726 556 videtur
748 511 797 572 eo,
822 489 911 572 quod
933 490 1082 556 nonnulli
1098 490 1289 557 Lindiorum

144 597 236 680 pagi,
259 591 436 678 Βουλίδαι,
460 591 623 658 Nereidos
648 593 781 659 nomina
803 592 926 660 babent
941 593 1178 678 patronymica,
1204 615 1290 677 quae

144 695 1290 779 sffifflmfflmffimmmwmmmffiwffimmm

146 802 336 888 gentilicius
359 800 533 884 gentisque
557 807 673 867 anetor
697 799 768 865 fuit.
802 800 885 866 Item
900 800 1039 866 Athenis
1061 801 1194 865 nomina
1209 821 1288 866 non-

145 908 311 972 nullorum
335 903 639 987 antiquissimorum
654 922 815 986 pagorum
830 903 1059 986 patronymica
1074 909 1178 968 erant.
1216 904 1289 969 Hue

146 1031 213 1076 non
242 1007 424 1093 pertinent,
460 1006 550 1089 quod
572 1005 755 1071 Fonoartus
785 1005 894 1085 affert,
929 1006 1019 1088 quod
1047 1005 1082 1070 in
1105 1007 1172 1072 Teo
1198 1007 1288 1085 urbe,

148 1131 245 1195 quam
269 1132 377 1180 errore
402 1109 565 1202 coloniam
589 1128 661 1180 esse
684 1104 770 1174 dieit¹
786 1108 987 1192 Lindiorum,
1012 1111 1181 1195 συμμορία
1201 1106 1287 1189 Ἔχι-

148 1238 206 1279 νου
235 1214 463 1299 patronymico
492 1213 622 1280 nomine
645 1214 834 1297 appellatur
852 1210 1044 1296 Ἕχινάόαι,
1075 1234 1148 1278 eum
1171 1233 1215 1279 ex
1236 1213 1288 1277 in-

149 1317 323 1401 soriptione
333 1316 357 1400 ¹)
388 1336 455 1381 non
485 1318 631 1398 eluceat,
659 1315 743 1381 bano
766 1318 956 1400 συμμορίαν
978 1315 1145 1399 proprium
1168 1337 1289 1400 pagum

151 1419 307 1487 effeeisse.
358 1419 438 1486 Item
477 1439 562 1502 quae
598 1418 639 1484 de
669 1417 827 1503 Olymnes
857 1418 975 1495 Cariae
1003 1420 1153 1487 tribubus
1183 1419 1287 1500 affert,

151 1543 234 1606 quae
263 1527 457 1604 συγγένειαι
485 1526 539 1589 vel
570 1522 678 1605 φυλαί
703 1523 970 1602 nominabantur,
1006 1543 1084 1587 num
1112 1521 1156 1588 ad
1185 1542 1288 1605 pagos

151 1647 280 1710 quoque
302 1626 478 1694 referenda
501 1627 576 1703 sint,
601 1625 778 1691 admodum
801 1625 937 1691 dubium
962 1625 1056 1710 est2).

233 1729 370 1794 Praetor
392 1727 478 1792 hano
493 1726 753 1810 antiquissimam
769 1728 885 1812 populi
901 1728 1098 1795 divisionem
1112 1729 1146 1792 in
1163 1725 1287 1809 δάμους

150 1837 225 1914 post
253 1849 373 1895 novam
401 1831 513 1896 urbem
536 1830 703 1896 conditam
726 1832 864 1897 alteram
888 1851 1027 1914 eamque
1050 1831 1188 1897 similem
1212 1831 1288 1896 oiri·

149 1935 226 2000 tatis
257 1931 451 2000 divisionem
479 1934 513 1999 in
543 1937 676 2008 κτοίνας
706 1934 808 2000 fuisse
837 1955 879 2000 ex
907 1935 1003 2000 titulo
1026 1933 1209 2001 Camirensi
1230 1955 1287 2018 ap-

148 2045 240 2121 paret
249 2037 291 2121 3),
321 2058 385 2121 quo
409 2039 503 2104 titulo
527 2035 765 2103 Camirensium
788 2036 956 2104 decretum
977 2037 1137 2103 traditum
1160 2044 1224 2120 est,
1253 2045 1289 2104 ut

148 2163 259 2208 omnes
283 2151 424 2220 κυοϊναι,
448 2161 533 2224 quae
556 2142 601 2206 ad
625 2141 862 2208 Camirensium
887 2141 1053 2208 civitatem
1076 2142 1286 2226 pertinerent,

147 2246 180 2309 in
212 2243 324 2328 lapide
360 2244 657 2328 oonsoriberentur,
692 2251 726 2311 et
759 2251 795 2310 ut
828 2245 862 2308 in
892 2245 1097 2312 sanctissimo
1128 2245 1287 2328 cujusque

152 2350 278 2430 κυοίνης
302 2369 395 2414 sauro
419 2348 471 2434 (ἐν
492 2346 538 2434 τῷ
572 2344 747 2426 odylardum
782 2346 871 2434 ἱερῷ)
901 2347 1045 2434 μάσυροι
1080 2348 1287 2432 eligerentur.

151 2451 219 2515 Has
244 2471 323 2517 vero
346 2455 479 2526 κυοίνας
502 2474 569 2519 non
592 2454 697 2519 solum
720 2451 957 2519 Camirensium
979 2451 1082 2520 fuisse
1103 2451 1287 2518 institutum

142 2543 191 2620 'ex
219 2553 308 2619 tituli
336 2555 446 2621 verbis
475 2563 614 2638 apparet
637 2555 722 2620 κατὰ
745 2554 848 2638 νόμον
870 2556 929 2619 τὸν
947 2553 1103 2634 Ῥοδίων,
1130 2554 1218 2622 unde
1241 2576 1289 2622 se·

150 2656 267 2739 quitur,
291 2662 394 2722 totum
413 2658 616 2724 Rhodiorum
640 2660 798 2741 pnpnlnm
819 2658 853 2723 in
870 2660 1002 2732 κτοίνας
1019 2657 1160 2722 divisum
1176 2655 1287 2723 fuisse.

149 2761 294 2826 Fuerunt
322 2766 433 2826 autem
455 2770 602 2840 κτοῖναι,
632 2769 669 2827 ut
691 2761 851 2846 Hesychii
874 2761 965 2827 voois
985 2759 1289 2845 interpretationem

151 2861 292 2947 afferam,
315 2863 468 2950 χορήσεις
492 2861 703 2948 προγονικῶν
727 2863 856 2951 ἱερείων
878 2861 901 2948 ἢ
917 2863 1016 2947 ὄγμος
1038 2867 1288 2947 μεμερισμένος,

151 2987 236 3049 quae
258 2967 418 3052 Hesyehii
447 2969 549 3035 verba
578 2990 650 3034 eum
673 2968 848 3036 Newtonio
876 2967 917 3034 de
941 2967 1121 3052 paroeeiis,
1148 2966 1289 3050 inques

149 3077 277 3137 veteres
310 3071 388 3154 pagi
418 3070 569 3155 discripti
597 3071 734 3155 fuerint,
770 3069 996 3154 intellegenda
1024 3089 1096 3136 esse
1125 3069 1288 3135 existimo.

150 3172 310 3240 Videntur
339 3181 450 3240 autern
475 3174 554 3258 pagi
577 3196 637 3259 pro
660 3175 887 3258 magnitudine
910 3174 944 3238 in
967 3174 1076 3256 plnres
1098 3174 1152 3238 vel
1176 3172 1289 3255 panei-

151 3296 221 3342 ores
249 3281 382 3351 κτοίνας
413 3276 564 3361 disoripti
594 3278 704 3345 fuisse.
749 3280 788 3343 In
811 3278 907 3345 titulo
932 3274 1065 3359 quidem
1089 3275 1147 3340 illo
1170 3274 1288 3339 Lindio

144 3379 215 3462 jam
239 3381 371 3464 saepius
394 3379 493 3446 uitato
518 3401 672 3447 numerus
695 3382 854 3460 virorum,
881 3380 939 3463 qui
961 3378 1095 3462 publiea
1117 3377 1217 3444 laude
1240 3377 1288 3442 ai-

148 3482 315 3567 fioiuntur,
345 3485 524 3569 siquidem,
554 3493 590 3550 ut
619 3484 795 3551 verisimile
825 3489 890 3566 est,
921 3481 1006 3546 κατὰ
1035 3483 1168 3556 κτοίνας
1191 3481 1289 3548 eleoti

148 3592 257 3670 erant,
280 3607 458 3670 pagorum,
481 3587 570 3654 unde
593 3586 724 3653 oriundi
747 3593 854 3669 erant,
879 3592 912 3652 et
934 3606 1019 3670 quae
1041 3583 1141 3652 fuerit
1162 3584 1287 3668 magni-

146 3687 1288 3772 mwmmfflmmmwmmmmffiQmffln

148 3792 264 3860 eodem
287 3793 383 3860 titulo
395 3798 549 3879 Δρυῖυαι,
571 3791 706 3874 Πάγιοι,
715 3792 895 3879 Ἓριανεῑς,
924 3812 1006 3876 quos
1030 3791 1127 3858 eertis
1149 3790 1288 3857 Lindio-

147 3916 219 3961 rum
247 3897 343 3980 pagis
370 3898 532 3965 contineri
560 3898 635 3964 aliis
663 3897 933 3980 inscriptionibus
963 3894 1186 3977 confirmatur,
1222 3914 1287 3960 non

217 4151 489 4222 nstuffffiffi

216 4238 567 4309 QRAme

216 4324 923 4396 aefflmmmmrwffiaHpffl.
