3096 4874
585 369 796 433 ,-19-

119 543 294 626 puhlioam,
320 542 414 625 eujus
438 540 573 607 Rhodus
595 543 674 607 urbs
697 561 866 608 commune
891 548 989 624 eaput
1011 539 1119 608 luerit.
1159 542 1253 607 Nova

119 648 199 713 enim
228 647 308 713 urbe
337 645 473 711 eondita
495 645 699 711 Rhodiorum
729 647 873 712 maxima
897 665 973 730 pars
996 644 1042 720 εἰς
1064 645 1129 708 τάν
1151 641 1252 726 μεγά-

118 751 177 812 λαν
205 747 309 812 πόλιν
338 748 577 832 migraverunt,
608 748 654 812 ita
684 757 720 813 ut
748 757 878 815 veteres
901 749 980 814 illae
1002 746 1133 813 insulae
1156 749 1254 813 urbes

119 853 158 918 ad
187 872 346 936 pagorum
378 851 592 934 exiguitatem
623 851 780 918 reductae
810 873 881 918 esse
905 852 1089 917 rideantur.
1128 847 1254 914 Lindus

120 955 246 1038 quidem
270 956 348 1020 urbs
369 975 434 1020 non
457 955 563 1036 major
586 953 719 1019 videtur
740 953 841 1021 faisse
865 975 962 1037 quam
978 955 1121 1021 Nattaea
1136 973 1252 1038 pagus,

119 1056 205 1139 quod
234 1077 277 1122 ex
306 1055 402 1122 titulo
431 1057 489 1122 illo
512 1056 633 1121 Lindie
644 1057 662 1140 ¹)
692 1057 834 1140 intelligi
857 1063 977 1140 potest,
1002 1057 1058 1121 ubi
1083 1057 1171 1123 idem
1194 1077 1252 1120 nu·

119 1182 223 1228 merus
259 1165 308 1226 est
336 1161 554 1242 allegatorum
583 1159 790 1226 Nettidarum
821 1179 861 1224 ae
888 1158 1088 1225 Lindiorum.
1140 1159 1253 1224 Nihilo

120 1271 224 1329 autem
253 1263 360 1328 minus
383 1267 451 1327 tres
472 1261 533 1325 has
557 1262 654 1326 nrbes
677 1261 883 1342 Lindiorum‚
907 1261 1120 1346 Ialysiorum,
1146 1263 1253 1327 Oami-
1294 1337 1296 1342 ,

120 1368 258 1433 rensium
283 1367 381 1433 etiam
404 1375 477 1448 post
500 1365 651 1429 Rhodum
675 1367 788 1431 urbem
812 1366 979 1431 conditam
1002 1367 1152 1450 proprias
1176 1365 1253 1431 eivi-

119 1475 202 1535 tates
231 1467 331 1534 fuisse
361 1477 393 1534 et
421 1488 496 1534 suos
527 1488 691 1553 quamque
721 1489 824 1553 pagos
852 1469 1003 1537 habuisse
1034 1489 1076 1534 ex
1105 1469 1252 1552 psephis-

118 1573 212 1638 matis
245 1572 424 1654 nonnullis,
454 1593 539 1656 quae
581 1569 694 1637 harum
725 1574 852 1638 urbium
881 1571 985 1640 titulis
1013 1571 1136 1637 tradita
1164 1579 1246 1653 sunt,

117 1674 240 1758 liquido
276 1681 425 1758 apparet.
476 1675 564 1741 Vero
601 1675 687 1741 enim
717 1697 795 1742 vero
825 1676 907 1742 haee
936 1673 1159 1760 psephismata
1188 1695 1252 1740 non

117 1778 178 1843 nisi
202 1777 246 1841 ad
269 1797 363 1841 saera
387 1777 558 1860 pertinent,
583 1799 691 1860 neque
715 1798 852 1862 usquam
876 1779 961 1842 alius
984 1777 1113 1860 generis
1129 1777 1252 1859 negotii

118 1881 241 1964 publiei
270 1879 391 1946 mentio
414 1879 475 1964 fit,
489 1889 520 1948 et
543 1880 768 1966 magistratus,
793 1880 849 1964 qui
878 1879 968 1966 apud
991 1880 1140 1964 Lindius,
1164 1880 1252 1965 Ialy-

118 1985 192 2067 sios,
217 1983 420 2049 Camirenses
444 1983 666 2066 nominantur,
691 1991 816 2050 tantum
840 2005 1006 2050 sacrorum
1024 2003 1123 2062 nausa
1139 1982 1252 2049 viden-

116 2076 168 2152 tur
196 2086 336 2152 instituti
360 2106 449 2168 esse,
475 2106 548 2152 eum
570 2094 744 2172 prytanea,
769 2086 942 2164 nauarchi,
970 2085 1146 2169 praefanti,
1171 2105 1253 2169 quos

116 2189 153 2253 ἓν
181 2187 222 2282 τῃ
245 2187 372 2282 μεγάλῃ
395 2187 496 2253 πόλει
520 2189 733 2273 magistratus
757 2189 858 2256 luisse
883 2197 1020 2268 constat,
1044 2189 1076 2254 in
1100 2190 1150 2256 his
1174 2189 1252 2254 eivi-

112 2293 238 2382 tatibus
261 2313 421 2375 nusquam
445 2294 666 2359 inveniantur.

204 2391 295 2472 Quae
319 2417 391 2460 eum
414 2396 462 2460 ita
486 2395 568 2478 sint,
595 2397 703 2462 faeere
727 2417 792 2462 non
816 2415 962 2480 possum,
987 2395 1066 2478 quin
1089 2402 1154 2461 tres
1177 2393 1252 2461 illas

114 2499 213 2564 urbes
243 2499 341 2564 etiam
372 2507 446 2582 post
468 2499 619 2564 Rhodum
642 2501 757 2565 urbem
782 2497 948 2564 conditam
971 2496 1122 2580 proprias
1143 2517 1182 2562 ao
1204 2517 1253 2564 se-

113 2611 221 2668 cretas
251 2603 402 2668 civitates
429 2601 476 2668 ita
507 2603 608 2670 fnisse
639 2611 765 2687 putem,
788 2611 824 2668 ut
847 2603 982 2686 propria
1006 2621 1116 2666 eorum
1138 2621 1251 2684 respu-

112 2706 201 2771 bliea
229 2727 294 2771 non
324 2705 387 2772 nisi
415 2707 447 2771 iu
478 2708 580 2774 saeris
603 2714 806 2786 versaretur,
831 2716 940 2772 cetera
963 2704 1095 2789 negotia
1118 2702 1251 2786 publiea

113 2809 231 2873 Rhodo
256 2816 292 2874 ut
316 2809 479 2876 eommuni
501 2809 631 2876 insulae
656 2810 756 2893 capiti
780 2810 951 2875 commissa
975 2815 1093 2874 essent.

203 2909 336 2976 Seilioet
359 2911 392 2974 in
416 2911 467 2976 his
489 2912 631 2994 negotiis
654 2911 922 2977 administrandis
945 2910 1094 2976 omnihus
1115 2910 1253 2976 Rhodiis

112 3012 230 3080 eadem
248 3014 326 3096 jura
350 3022 451 3097 erant,
476 3015 522 3081 ita
545 3025 580 3081 ut
603 3024 772 3082 senatores
796 3016 962 3096 ceterique
983 3015 1193 3098 magistratus
1209 3013 1253 3078 ad
1342 3017 1345 3022 '

112 3115 249 3197 publiea
284 3113 485 3182 Rhodiorum
516 3117 651 3203 negotia
680 3118 826 3184 curanda
855 3117 995 3184 instituti
1024 3137 1067 3183 ex
1095 3113 1251 3183 universo

111 3221 236 3302 populo
266 3227 464 3286 crearentur.
516 3221 738 3307 Hermagoras
767 3222 898 3305 quidem
926 3221 1065 3286 Lindius
1095 3241 1136 3287 ex
1166 3241 1251 3305 pago

112 3322 297 3388 Clasiorum
336 3323 369 3387 in
410 3324 525 3390 titulo·
542 3324 662 3391 Lindia
693 3327 882 3408 posterioris
916 3324 1100 3408 temporisu
1142 3323 1178 3386 ἐν
1213 3321 1253 3416 τῃ

109 3423 242 3520 μεγάλῃ
270 3423 370 3490 πόλει
398 3433 431 3492 et
460 3428 610 3512 prytanis
639 3435 672 3494 et
700 3437 854 3512 quaestor
883 3428 984 3493 fuisse
1015 3427 1150 3507 dieitur,
1179 3447 1252 3492 oum

109 3525 212 3592 Lindi
237 3525 431 3613 ἱεροταμλάς
462 3529 586 3597 fuisset.
632 3531 714 3597 Item
743 3531 777 3596 in
800 3531 866 3596 alio
888 3531 983 3596 titulo
1008 3528 1156 3614 Lindio³)
1178 3529 1254 3593 Lin-

109 3631 189 3697 dius
212 3631 357 3714 quidam,
383 3653 481 3715 quem
503 3637 615 3718 plures
631 3634 720 3718 apud
736 3634 871 3700 Lindios
886 3634 1098 3718 magistratus
1113 3633 1253 3716 gessisse

107 3734 263 3817 legimus,
286 3733 322 3798 ἐν
343 3733 383 3828 τῇ
397 3734 523 3828 μεγάλῃ
539 3735 640 3802 πόλει
657 3756 839 3821 eponymus
856 3737 957 3805 fuisse
974 3737 1102 3802 dieitur.
1132 3738 1253 3822 Magna

108 3839 148 3901 ἐν
179 3835 218 3930 τῇ
246 3836 373 3930 μεγάλῃ
396 3837 495 3903 πόλει
522 3841 657 3908 comitia
679 3841 822 3907 omnium
846 3839 1047 3907 Rhodiorum
1071 3840 1254 3906 eommunia

108 3938 216 4007 fuisse
241 3939 386 4023 quodam
407 3943 504 4018 modo
529 3943 736 4027 comprobari
759 3951 867 4027 potest
889 3963 939 4027 en,
959 3942 1053 4025 ¹quod
1068 3943 1203 4009 Rossius
1218 3944 1273 4015 in,

106 4043 317 4111 Rhodiorum
339 4045 570 4129 psephismatis
599 4048 700 4114 verba
724 4045 829 4129 άάμος
853 4043 871 4110 o‘
891 4043 1029 4110 Ῥοδίων
1052 4047 1106 4114 vel
1126 4043 1148 4110 ’ὅ
1172 4044 1252 4130 σάμ-

184 4236 212 4304 1)
231 4236 268 4292 R.
288 4235 323 4292 A.
342 4235 396 4292 XV
414 4253 442 4290 n.
462 4236 504 4291 60.

182 4321 217 4391 2)
233 4324 319 4390 Rosa,
337 4323 412 4380 Hell.
431 4324 484 4377 λλ·

184 4407 212 4477 3)
232 4409 314 4479 Rosa,
334 4407 418 4463 Areh.
439 4408 705 4478 Aurs.11‚n.261.
726 4409 742 4466 l.
