3096 4874
767 318 983 384 ..22-

308 489 513 557 decretorum
542 488 652 554 verbis
689 487 905 554 sollemnibus
939 485 958 552 o‘
988 486 1094 570 δᾶμος
1125 485 1143 551 c‘
1169 485 1309 552 Ῥοδίων
1339 495 1394 553 καὶ
1426 487 1447 552 ἁ

305 590 412 672 βουλά
434 589 538 676 primo
562 593 634 656 loco
658 589 801 674 positum
825 588 868 656 sit
890 587 909 653 ὅ
933 588 1050 673 δᾶμος.

393 695 627 762 Decernebant
653 703 763 762 auteur
792 693 925 760 comitia
953 695 994 761 de
1024 695 1159 762 summis
1187 695 1267 762 belli
1289 696 1446 780 pacisque

307 799 406 868 rebus
435 799 479 863 ad
507 797 745 888 rempublicam
775 796 1017 880 spectantibus,
1050 797 1090 864 de
1120 797 1309 866 foederibus
1331 800 1446 864 ineun-

308 901 358 966 dis
370 902 405 985 ¹),
430 900 470 966 de
493 901 614 984 legatis
636 899 851 985 mittendis²)‚
876 899 917 965 de
934 901 1065 984 legibus
1082 901 1267 986 ferendis3),
1292 902 1334 968 de
1352 923 1447 987 prae-

307 1004 380 1070 miis
411 1002 664 1089 concedendisi)
695 1023 757 1068 nec
785 1023 851 1068 non
880 1003 922 1070 dc
951 1003 1025 1068 aliis
1047 1006 1188 1088 negotiis
1206 1006 1362 1089 publicis.
1409 1006 1448 1070 ln

308 1108 448 1186 comitiis
478 1109 689 1190 magistratus
718 1125 851 1189 quoque
881 1112 1009 1172 creatos
1039 1125 1111 1174 csse
1141 1129 1182 1174 ex
1204 1108 1351 1192 Appiani
1372 1110 1447 1175 loco

307 1210 491 1296 appetem).
537 1209 738 1293 Suffragium
768 1215 878 1276 autem
907 1209 968 1275 luit
999 1231 1154 1276 manuum
1184 1212 1357 1295 porrectio,
1380 1235 1447 1292 χει-

307 1313 485 1398 ροτονίαθ),
509 1312 685 1379 verisimile
710 1318 819 1377 tamen
843 1319 893 1378 est
915 1313 999 1380 alias
1022 1334 1154 1397 quoque
1178 1314 1280 1384 fuisse
1296 1315 1448 1400 suffragii

230 1405 233 1410 ’
296 1417 438 1483 terendi
460 1415 614 1482 rationes.
653 1414 793 1480 Comitia
817 1416 915 1482 certis
938 1417 1139 1500 temporibus
1163 1416 1252 1484 facta
1276 1438 1346 1486 esse
1369 1439 1448 1484 con·

307 1528 501 1587 sentaneum
524 1527 583 1602 cst,
607 1519 667 1586 sed
689 1518 837 1601 forsitan,
862 1526 898 1583 nt
914 1519 1060 1599 Athenis,
1086 1522 1184 1586 ctiam
1208 1522 1235 1587 si
1259 1542 1310 1589 res
1334 1533 1446 1605 postu·

307 1624 412 1706 labat,
437 1623 490 1690 die
514 1621 779 1690 extraordinario
802 1642 822 1686 a
846 1622 1045 1706 prytanihus
1068 1631 1251 1692 convocata
1274 1633 1364 1708 suut,
1390 1628 1447 1710 qui

252 1807 254 1820 Ι
306 1728 517 1812 magistratus
539 1727 629 1810 apud
644 1726 792 1792 Rhodios
815 1725 948 1792 comitia
971 1746 1101 1810 quoque
1123 1730 1293 1811 regebant.
1339 1729 1447 1795 Locus

307 1831 511 1898 comitiorum
533 1829 700 1914 legitimus
722 1830 885 1896 theatrum
908 1831 1040 1898 videtur
1063 1831 1212 1914 frissel).

395 1934 529 2001 Praeter
552 1933 635 2000 haec
658 1953 778 2016 magna
802 1933 1002 1998 Rhodiorum
1026 1934 1175 2016 comitia,
1200 1935 1321 2009 nescio,
1346 1956 1388 1999 an
1411 1936 1445 1998 in

308 2036 440 2101 modum
469 2035 560 2100 illius
582 2034 820 2118 Spartanorum
845 2034 1019 2117 ἐκκλησίας
1041 2033 1164 2119 μικρᾶς
1186 2031 1313 2115 ὁμοίων
1337 2036 1446 2100 Rhodi

307 2158 437 2222 quoque
450 2138 616 2221 legitimus
629 2139 806 2204 electorum
818 2135 962 2203 virorum
979 2144 1158 2206 conventus
1176 2136 1283 2204 fucrit.
1306 2138 1447 2204 Mueller

308 2241 441 2325 quidem
450 2243 481 2326 8),
506 2262 602 2324 quem
625 2239 954 2308 Schneiderwirthius
977 2262 1108 2325 quoque
1132 2248 1264 2308 secutus
1287 2243 1378 2324 esti),
1402 2261 1446 2306 ex

311 2346 466 2430 Hesychii
477 2344 599 2412 verbis:
610 2342 812 2427 άνεκλητεῐν·
827 2344 997 2430 ἐξαίρεσιν
1005 2349 1189 2410 ποιεῖσθαι
1197 2341 1445 2430 παρὰῬοδίοις

306 2449 429 2532 injuria
453 2446 716 2515 concludendum
740 2467 812 2512 csse
835 2455 939 2530 putat,
964 2448 1070 2512 Rhodi
1095 2441 1255 2513 nobilium
1278 2448 1444 2530 propriam

306 2549 408 2616 fuisse
443 2549 642 2629 contionem,
674 2568 747 2612 cum
777 2546 840 2612 hoc
870 2561 944 2612 oum
974 2549 1127 2631 populari
1151 2548 1352 2614 Rhodiorum
1382 2550 1444 2616 rei-

307 2651 460 2735 publicae
488 2649 593 2714 fcrma
621 2649 678 2714 uix
708 2649 902 2714 consentiat.
950 2648 1089 2715 Omnino
1113 2669 1177 2714 non
1201 2657 1342 2734 constat,
1367 2674 1444 2720 num

307 2752 467 2838 Hesycbii
496 2754 589 2818 locus
619 2751 660 2818 de
689 2753 869 2818 electorum
902 2752 1046 2818 uirorum
1075 2751 1283 2819 contionibus
1311 2763 1444 2837 praeter

307 2857 440 2922 comitia
468 2854 567 2922 factis
594 2854 838 2939 intellegendus
867 2855 925 2937 sit,
957 2876 1018 2922 nec
1042 2855 1253 2923 vehementer
1275 2878 1444 2940 pugnave-

306 2960 375 3042 rim,
399 2960 426 3026 si
450 2959 523 3043 quis
546 2958 636 3024 dicat
657 2959 817 3043 Hesychii
841 2960 942 3028 verba
965 2960 1008 3024 ad
1031 2961 1103 3043 ipsa
1119 2959 1321 3026 Rhodiorum
1346 2962 1443 3026 comi-

305 3063 353 3129 tia
381 3062 558 3130 referenda
587 3081 658 3128 esse
687 3069 720 3127 ct
744 3062 914 3147 ἐξαίρεσιν
942 3063 1033 3128 illam
1063 3082 1122 3146 per
1151 3083 1263 3129 omnes
1286 3063 1443 3142 Rhodios,

305 3165 450 3245 Lindios,
476 3166 626 3251 Ialysios,
646 3165 853 3232 Camirenscs
877 3166 997 3231 factam
1022 3187 1101 3248 esse,
1127 3166 1183 3248 qui
1207 3186 1280 3231 cum
1304 3166 1445 3232 comitiis

306 3289 371 3334 non
394 3289 507 3336 omncs
530 3270 689 3337 interesse
712 3277 855 3352 possent,
882 3269 969 3336 viros
991 3269 1161 3352 elegerint,
1187 3289 1269 3350 quos
1291 3269 1443 3334 Rhodum

306 3371 351 3438 ad
374 3373 507 3438 comitia
529 3373 704 3439 mitterent.

425 3643 507 3696 Diod.
527 3645 568 3712 19,
587 3645 635 3711 583
655 3644 753 3714 Polyb.
772 3644 814 3712 29,
832 3645 857 3698 5.

422 3728 523 3798 Polyb.
537 3729 578 3795 29,
597 3729 622 3783 4.

422 3812 503 3866 Diod.
521 3815 563 3880 20,
582 3814 624 3869 84.

380 3642 405 3711 ¹)

374 3727 403 3797 2)

375 3813 403 3881 3)

376 3898 403 3966 4)
422 3898 475 3952 Dic
493 3897 589 3968 Chrys.
610 3900 684 3954 Orat.
704 3899 775 3968 Rh.;
796 3901 832 3954 R.
851 3899 886 3955 Α.
906 3901 982 3969 Xlll,
1002 3900 1051 3956 Nc.
1070 3903 1096 3956 9.

375 3984 404 4054 5)
424 3983 505 4053 App,
525 3985 560 4038 do
580 3985 646 4040 boll.
664 3985 718 4042 civ.
737 3987 762 4054 4,
780 3987 822 4040 66.

377 4156 390 4207 l

423 4069 522 4140 Polyb.
541 4071 583 4137 29,
601 4072 627 4126 4.

394 4155 404 4223 )
425 4155 494 4223 Cic,
514 4155 548 4208 de
567 4171 624 4224 rep.
642 4157 667 4224 3,
686 4155 727 4210 35.

375 4241 404 4309 8)
423 4241 549 4306 Mueller,
567 4241 678 4296 Durior.

376 4329 404 4397 9)
425 4327 616 4384 Schneiderw.
635 4345 706 4384 anm.
725 4329 783 4384 105.
