3096 4874
725 339 919 402 ,3.-

249 511 402 595 publious
435 507 569 575 videtur
597 508 715 591 fuisse,
748 528 813 591 quo
844 508 1046 573 Rhodiorum
1073 509 1241 592 peregrini
1271 508 1313 575 de
1342 528 1392 576 re-

220 603 223 612 ’
249 613 385 698 publiea
407 613 491 679 bene
516 611 623 677 meriti
646 610 806 694 imprimis
829 609 973 676 artifices
990 610 1099 676 ornari
1115 611 1276 677 solebant.
1315 610 1392 694 Epi·
1468 622 1472 628 “

250 716 417 782 charmum
447 714 582 797 quidem
605 712 771 798 Soleum1)
796 720 828 780 et
851 713 1024 780 Thoonem
1048 713 1337 799 Antiochenseml)
1360 721 1393 781 et

249 817 425 883 Charinum
449 816 673 883 Laodicenum
687 817 707 899 3)
731 816 794 882 hoc
817 816 939 882 honore
965 815 1150 899 ὲπιδαμίας
1174 823 1306 884 ornatos
1321 837 1392 885 esse

248 921 399 1005 legimus.
446 919 540 998 Quae
563 925 672 986 autem
699 917 887 1001 ἐπιόαμίας
916 919 1006 1003 apud
1021 919 1168 987 Rhodios
1182 920 1267 986 ratio
1284 921 1391 1003 fuerit,

250 1024 316 1090 dici
349 1023 408 1089 vix
443 1023 555 1107 possit.
603 1023 741 1088 Rossius
771 1043 837 1102 eos,
868 1023 987 1106 quihus
1017 1021 1187 1105 ἐπιδαμία
1210 1023 1289 1090 data
1312 1031 1391 1104 erat,

249 1126 433 1211 superiores
458 1126 560 1192 fuisse
576 1132 672 1209 putat
693 1125 879 1210 peregrinis
901 1125 1076 1192 inferiores
1100 1125 1235 1208 civibus,
1260 1133 1302 1209 et,
1319 1147 1392 1192 eum

248 1225 437 1314 Epicharmi
466 1227 557 1294 Solei
586 1227 672 1293 filius
701 1228 848 1295 Rhodius
873 1227 1044 1311 dicatum),
1069 1226 1154 1293 filios
1176 1247 1298 1309 eorum,
1323 1228 1392 1311 qui·

250 1337 313 1400 bus
337 1330 506 1414 ἐπιδαμία
531 1331 609 1397 data
639 1340 740 1414 esset,
771 1332 937 1416 legitimos
966 1331 1056 1398 cives
1084 1330 1186 1396 fuisse
1215 1331 1392 1396 existimat.

200 1505 204 1512 ,
248 1437 342 1503 Idem
364 1434 432 1502 fere
456 1435 621 1500 Fouoarto
645 1436 772 1518 placet3
799 1435 856 1518 qui
881 1432 1074 1516 ἐπιδαμίαν
1091 1434 1160 1516 juri
1182 1434 1284 1501 latino
1308 1455 1393 1502 com-

249 1544 345 1624 parat
375 1535 434 1604 sed
462 1536 605 1603 secernit
634 1537 676 1601 ab
701 1535 881 1616 ἲσοτελείᾳ.
928 1535 1049 1602 Nescio
1072 1556 1114 1600 an
1139 1534 1307 1618 ἐπιδαμία
1331 1557 1394 1602 non

249 1641 313 1708 nisi
336 1662 450 1710 earum
472 1640 601 1706 urbium
624 1640 881 1707 oriundis'data
904 1639 955 1722 sit,
980 1659 1066 1723 quae
1090 1638 1331 1720 quodammodo
1346 1641 1393 1704 in-

250 1742 386 1810 feriores
410 1747 520 1808 essent
542 1740 669 1805 Rhode.
718 1741 850 1824 Phylen
874 1740 1006 1824 quidem
1030 1741 1321 1826 Halicarnassium,
1339 1743 1395 1826 qui

249 1846 370 1909 multas
401 1843 539 1909 Rhodiis
568 1850 693 1908 statuas
724 1843 821 1924 fecit,
852 1842 1020 1924 ὲπιὸαμίᾳ
1050 1864 1118 1908 non
1143 1845 1299 1910 donatum
1322 1867 1395 1912 esse

250 1945 449 2029 putaverim,
475 1965 548 2010 cum
571 1943 846 2022 Halicarnassiis,
879 1944 935 2026 qui
959 1944 1037 2008 olim
1061 1965 1133 2008 eum
1156 1945 1295 2011 Rhodiis
1318 1947 1395 2022 teon

251 2045 350 2111 πόλει
373 2047 433 2112 illa
455 2045 577 2112 Dorica
600 2066 706 2129 aequo
731 2045 870 2130 foedere
894 2044 1062 2128 conjuncti
1079 2051 1180 2128 erant,
1197 2046 1395 2114 Rhodiorum

251 2148 434 2232 ἐπιδαμία,
463 2149 491 2215 si
521 2149 653 2232 quidem
682 2147 820 2216 inferior
847 2155 917 2215 erat
940 2148 1090 2228 civitate,
1114 2148 1219 2215 honor
1242 2169 1314 2216 esse
1337 2151 1395 2217 vix

249 2260 370 2337 posset.
419 2253 536 2336 Neque
560 2252 727 2320 statuariis
756 2253 905 2328 Milesiis
923 2251 1127 2333 Salaminiis,
1138 2252 1396 2321 Atheniensibus

252 2355 441 2439 inrdcpluv
459 2356 570 2424 datam
593 2377 665 2424 esse
681 2357 716 2422 in
732 2357 1003 2441 inscriptionibus
1019 2357 1168 2441 legimus.
1216 2357 1394 2425 Athenien·

251 2459 340 2526 sibus
371 2452 505 2544 quidem
534 2469 608 2545 post
636 2482 667 2526 a.
691 2482 721 2526 a.
746 2459 820 2524 Chr.
844 2482 876 2525 n.
899 2461 972 2541 201,
1004 2479 1068 2542 quo
1091 2479 1178 2525 anno
1201 2459 1242 2525 iis
1265 2480 1286 2525 a
1308 2461 1394 2526 Rho·
1454 2459 1457 2465 ’
1535 2455 1536 2460 ’

253 2562 316 2628 diis
340 2562 457 2627 civitas
482 2562 560 2628 data
583 2570 652 2628 erat
662 2563 695 2646 5),
720 2560 900 2642 turibulo,
924 2580 1011 2644 quae
1035 2569 1084 2628 est
1106 2560 1193 2626 infra
1216 2560 1393 2644 civitatem,

253 2664 325 2729 dari
347 2684 413 2731 non
436 2665 552 2747 potuit.

665 2851 687 2935 ς
709 2849 741 2914 3.
786 2850 838 2917 Ile
861 2850 988 2922 servis.

340 2986 545 3053 Rhodiorum
574 2987 662 3054 servi
691 3007 757 3052 non
787 2993 823 3052 ut
846 2952 940 3071 apud
959 2988 1241 3056 Lacedaemonias
1262 2990 1394 3056 belotae

144 3174 146 3179 .
254 3098 287 3156 et
316 3088 407 3172 apud
430 3088 542 3156 Cretes
571 3089 781 3173 aphamiotae
811 3108 854 3155 ex
883 3089 1039 3172 subjectis
1061 3095 1167 3156 terrae
1191 3091 1310 3157 incolis
1332 3090 1396 3156 orti

253 3198 329 3259 sunt
358 3191 417 3258 sed
447 3193 537 3259 velut
565 3191 816 3260 Atheniensium
845 3192 932 3258 servi
960 3195 1126 3279 mancipia
1155 3194 1298 3263 fuerunt.
1343 3196 1395 3262 Ne

239 3295 492 3382 antiquissimis
522 3294 655 3378 quidem
684 3296 886 3380 temporibus
909 3296 1017 3363 Rhodi
1046 3298 1167 3382 primos
1193 3282 1324 3365 insulae
1346 3299 1395 3362 in·

255 3401 355 3482 colas,
381 3419 453 3464 cum
469 3400 511 3464 ab
528 3399 789 3483 immigrantibus
806 3398 942 3467 Graecis
959 3403 1108 3484 oppressi
1123 3410 1242 3483 essent,¹
1265 3402 1395 3468 victori-

181 3523 185 3530 ·
253 3504 316 3567 bus
339 3521 508 3568 servorum
531 3503 604 3568 loco
628 3501 731 3569 fuisse
747 3503 925 3570 verisimile
941 3512 1000 3571 est·
1035 3503 1171 3570 Constat
1187 3505 1272 3568 enim
1287 3503 1395 3571 Phoe-

254 3603 361 3684 nices,
392 3591 549 3686 quiante
572 3603 721 3671 Graecos
742 3605 884 3671 insulam
907 3606 1110 3689 incolebant,
1135 3612 1208 3690 post
1229 3609 1332 3673 multa
1354 3627 1395 3672 ac

256 3708 413 3773 diuturna
436 3707 527 3773 bella
549 3729 656 3792 aequo
672 3708 808 3777 foedere
825 3730 897 3776 cum
912 3709 1050 3777 Graecis
1068 3711 1260 3794 conjunctos
1275 3730 1347 3776 esse
1356 3709 1394 3796 ⁵).

254 3810 334 3876 Post
363 3809 516 3876 Rhodum
545 3813 659 3878 urbem
696 3813 878 3892 conditam,
909 3813 1097 3898 quicunque
1131 3814 1220 3897 apud
1248 3813 1395 3880 Rhodios

325 3996 353 4066 1)
373 3997 456 4064 Boos,
474 3995 559 4052 Arch.
578 3997 659 4053 Aufs.
677 3999 717 4068 Il,
737 4015 767 4054 n.
785 4002 815 4070 13
833 4001 869 4054 R.
889 4000 923 4055 A.
941 3999 982 4054 XI
1000 4016 1028 4055 n.
1048 4002 1072 4054 1.

371 4083 406 4136 R.
425 4081 458 4140 A.
479 4081 528 4151 XI,
548 4099 574 4138 n.
594 4083 619 4152 2,
639 4084 708 4138 XIII
727 4101 754 4140 n.
774 4086 815 4140 12.

373 4167 408 4223 R.
428 4166 461 4223 A.
481 4166 562 4233 XIII,
581 4185 608 4222 n.
627 4170 669 4225 16.

374 4254 438 4309 Liu.
457 4253 499 4319 31,
518 4256 543 4309 5.
878 4315 881 4319 .

375 4336 573 4403 Schneiderw.,
593 4337 691 4393 Ceseh.
712 4339 739 4394 d.
759 4341 786 4399 J.
805 4339 858 4399 Rh.
876 4359 902 4412 p.
923 4345 964 4398 12.
