3096 4874
741 326 952 392 ..36-

278 499 393 566 titulus
416 497 619 564 Roehlianus
643 497 783 581 scriptus
807 506 865 564 est.
911 499 1038 566 Peraea
1060 497 1261 566 Rhodiorum
1284 498 1418 566 videtur

278 602 380 669 fuisse
415 601 516 669 etiam
550 608 724 685 postquam
761 600 901 667 Romani
929 601 1066 686 Lyciam
1096 610 1129 670 et
1157 602 1288 670 Cariam
1316 604 1418 669 Asiae

279 705 470 790 provinoiae
500 726 579 774 suae
602 705 818 786 addiderunt,
849 725 923 771 oum
948 704 1067 772 Strabo
1089 707 1247 774 Peraeam
1272 715 1308 773 ut
1330 707 1418 772 Rho·

279 810 406 877 diorum
445 809 650 893 provinoiam
691 810 857 876 describat
867 808 903 895 ¹).
968 810 1114 893 Caunus,
1150 831 1348 896 quamquam
1381 811 1416 876 in

278 914 388 982 medio
411 914 540 980 Peraea
567 913 629 980 sito
661 922 746 995 erat,
772 922 881 984 tamen
905 914 1012 980 libera
1034 914 1164 981 videtur
1186 912 1288 982 fuisse
1312 933 1418 998 usque

278 1025 352 1101 post
380 1038 409 1083 a.
439 1037 469 1082 a.
493 1015 568 1082 Chr.
598 1040 629 1083 n.
659 1017 732 1100 309,
764 1038 836 1082 oum
860 1016 981 1083 Rhodii
1004 1016 1153 1083 Caunum
1181 1038 1203 1082 a
1225 1018 1415 1086 Ptolemaeo

278 1127 408 1204 oaptam
439 1121 481 1186 ab
510 1121 607 1204 hujus
631 1121 769 1186 duoibus
792 1119 856 1186 200
879 1121 1012 1186 talentis
1035 1119 1234 1205 emerunt²);
1259 1120 1419 1206 deinceps

278 1221 410 1290 Caunus
438 1224 498 1289 sub
521 1223 723 1289 Rhodiorum
747 1229 910 1306 potestate
934 1222 1005 1305 fuit,
1032 1222 1094 1290 etsi
1117 1223 1250 1308 saepius
1273 1223 1417 1290 Rhodio-

279 1349 350 1394 rum
373 1349 475 1412 regno
499 1348 571 1394 sese
594 1327 737 1394 liberare
763 1326 932 1412 studuiti).

365 1430 408 1497 Ut
423 1431 570 1498 Peraeae
594 1430 786 1515 provinciae
811 1428 833 1493 ri
855 1426 947 1516 χώρα
964 1429 1115 1513 opposita
1131 1438 1211 1511 erat,
1225 1432 1272 1498 ita
1287 1439 1419 1517 praeter

277 1545 461 1621 praetorem
489 1539 582 1603 illum
613 1538 671 1602 ἐπὶ
700 1539 737 1601 τὸ
769 1542 878 1624 πέραν
908 1539 993 1604 alins
1022 1545 1154 1621 praetor
1181 1537 1243 1604 fuit
1272 1536 1330 1600 ἐπὶ
1353 1537 1419 1600 τὰν

276 1639 398 1728 χώραν,
429 1663 526 1725 quem
556 1642 694 1709 similem
719 1643 941 1726 magistratum
965 1642 1066 1709 fuisse
1091 1649 1168 1726 puto
1192 1648 1290 1725 atque
1313 1640 1418 1707 Athe-

279 1747 442 1812 niensium
464 1745 557 1811 illum
580 1747 766 1829 στρατηγὸν
790 1745 848 1809 ἐπὶ
871 1745 928 1831 τῆς
950 1741 1069 1832 χώρας.

365 1850 558 1916 Ceterorum
585 1856 772 1932 praetorum
803 1870 888 1933 qnae
917 1870 1053 1915 munera
1087 1848 1224 1931 fuerint,
1256 1847 1322 1912 diei
1351 1868 1415 1913 non

280 1959 402 2036 potest;
434 1949 573 2018 forsitan
593 1950 700 2018 -etiam
730 1953 865 2034 majoris
894 1953 1048 2019 momenti
1077 1959 1171 2019 erant
1199 1972 1297 2035 qnam
1320 1971 1416 2035 prae·

277 2061 382 2121 torum
411 2053 472 2117 τοῦ
495 2053 553 2117 ἐπὶ
575 2055 613 2118 τὸ
638 2057 748 2140 πέραν
771 2062 804 2121 et
826 2053 886 2118 τοῦ
909 2055 967 2118 ἐπὶ
990 2057 1052 2119 τάν
1073 2047 1192 2142 χώραν,
1224 2075 1296 2120 oum
1325 2054 1359 2118 hi
1382 2055 1416 2118 iu

278 2179 411 2224 numero
435 2165 614 2224 extremum
630 2161 738 2225 looum
754 2166 904 2248 teneant
935 2161 1000 2226 Uni
1016 2181 1059 2227 ex
1075 2167 1263 2244 praetorum
1279 2179 1415 2225 numero

278 2281 390 2326 auram
419 2261 520 2327 fuisse
548 2270 726 2330 statuarum
752 2263 957 2346 publioarum
979 2265 1043 2330 Dio
1066 2264 1158 2330 testis
1182 2261 1275 2347 ess).
1321 2263 1413 2329 Idem

279 2364 369 2447 apud
398 2363 617 2431 Athenienses
640 2366 801 2448 praetoris
824 2387 941 2433 munus
965 2367 1066 2451 fuit5).
1116 2369 1299 2433 Pouoartus
1328 2367 1414 2432 Rho·

279 2468 407 2534 diorum
436 2474 605 2551 praetores
633 2468 773 2552 judiciis
809 2490 941 2552 quoque
971 2470 1154 2554 praefuisse
1183 2477 1287 2554 putat.
1338 2470 1413 2535 Rei·

278 2571 432 2655 publicae
455 2571 735 2637 administrandae
759 2593 816 2639 eos
839 2573 1016 2657 partieipes
1038 2574 1140 2640 fuisse
1163 2573 1240 2640 inde
1265 2573 1415 2639 oonoludi

280 2679 403 2757 potest,
436 2673 524 2754 quod
558 2673 592 2738 in
622 2674 717 2738 titulo
748 2674 890 2757 quodam
913 2674 1055 2758 junctim
1084 2697 1157 2741 oum
1186 2676 1415 2760 quaestoribus

279 2789 445 2864 tamquam
466 2776 582 2842 similis
603 2777 815 2860 magistratus
838 2785 1068 2844 enumerantur
1077 2779 1108 2862 ⁶).

571 3007 573 3014 ·
601 2983 623 3066 g
646 2981 696 3046 14.
740 2983 793 3048 De
817 2981 1083 3063 quaestoribus.

364 3119 567 3185 Rhodiorum
607 3128 801 3202 quaestores
840 3121 1046 3204 praetoribus
1086 3122 1199 3189 ordine
1242 3123 1415 3192 inferiores

276 3216 385 3306 eran't,
410 3231 447 3290 ut
469 3244 510 3288 ex
531 3224 636 3291 titulis
659 3230 813 3308 apparot,
840 3224 874 3288 in
897 3224 1015 3308 quibus
1037 3245 1166 3309 semper
1187 3233 1262 3310 post
1285 3233 1414 3311 praeto·

275 3347 328 3392 res
357 3325 585 3393 nominantur.'
637 3328 820 3393 Fouoartus
850 3335 972 3394 oertam
1001 3329 1159 3396 rationem
1190 3336 1284 3413 putat
1313 3329 1414 3395 inter-

276 3427 379 3495 fuisse
403 3430 489 3495 inter
511 3437 697 3514 praetorum
722 3440 754 3496 et
779 3438 987 3514 quaestorum
1009 3453 1189 3514 numerum,
1213 3433 1260 3496 ita
1283 3439 1318 3496 ut
1335 3431 1415 3497 duo-

277 3534 339 3597 bus
363 3533 571 3615 praetoribus
594 3553 678 3598 unus
702 3531 855 3614 quaestor
878 3533 1013 3600 additus
1037 3534 1181 3621 fuerit7).
1226 3535 1318 3602 Haeo
1342 3555 1415 3600 sen-

275 3673 482 3682 ——..——

346 3735 374 3804 1)
395 3734 485 3798 struo.
505 3738 547 3803 14,
566 3738 625 3792 651.
708 3727 709 3730 ’

346 3820 375 3890 2)
395 3821 516 3890 Appias.
536 3822 629 3878 Mithr.
648 3840 672 3878 e.
690 3825 732 3878 53.

391 3905 519 3975 Newton,
538 3909 655 3978 History
673 3909 704 3965 of
719 3910 807 3966 (laria.
895 3963 896 3968 ,

394 3993 450 4049 Dio
469 3993 532 4049 Chr.
551 3997 593 4050 31.
