3096 4874
602 350 813 413 ...33-

139 521 256 588 classis
290 530 417 604 partem
443 523 607 607 effecisse,
632 523 750 606 quibus
767 526 825 608 jus
849 531 951 608 esset,
975 533 1012 591 ut
1034 525 1289 593 commilitonem

140 627 242 692 certis
270 625 450 692 honoribus
485 626 666 694 afficerent.
723 629 806 694 Item
838 650 880 695 ex
907 630 1063 696 laudibus
1090 630 1171 709 illis,
1202 649 1288 712 quae

137 730 237 796 militi
268 729 374 812 primo
411 727 480 794 ὕπὸ
511 729 825 816 Σαμοθρᾳκιαστᾶν
861 737 1048 798 Μεσονέων
1081 731 1145 796 τοῦ
1173 731 1289 796 κοινοῦ

137 841 209 898 lum
225 851 265 896 ac
284 833 468 914 conjunclis
482 836 785 919 §acascomarcos
802 855 874 900 oum
890 841 1126 918 Λημνιασταΐς
1143 837 1288 920 contige-

139 943 231 1019 runt,
264 935 528 1002 concludendum
559 957 630 1004 esse
661 938 811 1005 existimo
835 938 895 1004 has
917 938 1241 1024 Σαμοθρᾳκιαστάς·
1257 945 1289 1006 et

141 1037 367 1123 Λημνιαστάς
402 1047 510 1106 certas
544 1043 660 1108 classis
693 1049 804 1126 partes
839 1042 951 1109 tuisse.
1014 1043 1141 1108 Iniuria
1174 1048 1290 1114 autem,

78 1145 82 1152 ’
140 1145 323 1210 Foueartus
346 1143 429 1210 haee
452 1144 585 1209 uomina
607 1145 791 1228 repetenda
815 1164 886 1212 esse
910 1152 1047 1230 putata
1070 1145 1204 1211 navium
1227 1165 1284 1210 no-

139 1247 286 1312 minibus
299 1249 329 1331 ¹),
367 1266 440 1311 oum
469 1250 781 1333 Σαμοθρᾳκιασταί
813 1255 845 1315 et
879 1253 1101 1332 Λημνιασταί
1129 1250 1238 1332 potius
1269 1268 1286 1314 e

140 1370 277 1416 numero
309 1351 484 1416 multarum
512 1351 643 1416 illarum
672 1350 868 1416 societatum
898 1351 1053 1418 videntur
1076 1350 1194 1434 tuisse,
1219 1350 1288 1434 qui-

141 1454 204 1518 bus
227 1458 362 1536 propter
385 1472 572 1519 communes
594 1453 692 1519 sedes
708 1453 895 1518 communia
911 1473 1004 1518 saura
1021 1454 1286 1519 celebrabantur.

143 1557 217 1622 Hae
242 1562 353 1621 autem
377 1556 562 1638 societates,
585 1576 659 1621 cum
675 1575 861 1621 communes
877 1555 974 1622 sedes
989 1555 1158 1640 habereut,
1175 1556 1287 1623 nescio

139 1681 183 1724 au
217 1677 455 1739 nonnunquam
487 1658 639 1742 proprias
670 1663 803 1732 κτοίνας
827 1659 1010 1742 effecerint,
1035 1659 1069 1723 in
1094 1679 1176 1743 quas
1198 1659 1286 1724 Rbo-

144 1763 274 1828 diorum
299 1761 466 1827 civitatem
490 1761 683 1844 discriptam
706 1761 809 1827 luisse
832 1762 961 1828 scimus.
1006 1760 1102 1838 Quod
1126 1762 1152 1826 si
1173 1783 1286 1828 verum

148 1871 214 1948 est,
239 1864 456 1948 intellegitur,
481 1885 539 1930 our
562 1865 656 1930 miles
679 1866 736 1931 ille
758 1885 777 1929 a
801 1865 1014 1931 societatibus
1037 1871 1212 1931 coronatus
1235 1865 1285 1949 sit,

147 1989 221 2032 cum
253 1967 321 2033 veri
344 1967 435 2032 haud
457 1968 504 2032 ita
528 1967 685 2035 dissimile
702 1969 760 2052 sit,
783 1988 885 2034 naves
910 1989 953 2034 ex
976 1967 1115 2052 singulis
1138 1971 1285 2042 κτοίναις

143 2077 276 2137 ornatas
307 2092 394 2150 esse,
418 2070 467 2135 ita
489 2078 525 2135 ut
547 2071 604 2135 uui
626 2072 681 2137 vel
705 2071 833 2163 duabus
856 2074 1005 2144 κτοίναις
1028 2090 1095 2135 uua
1117 2070 1212 2135 navis
1235 2091 1284 2136 or-

137 2174 252 2239 nanda
270 2181 365 2241 esset.
405 2173 531 2250 Quodsi
545 2176 857 2260 Σαμοθρᾳκιασταί
870 2171 1026 2255 μεσόνεοι
1044 2173 1204 2254 dicuntur,
1222 2173 1284 2237 hoc

138 2299 258 2344 nomen
282 2299 355 2342 oum
374 2279 539 2343 Foucarto
564 2277 605 2343 de
629 2278 807 2362 remigibus
828 2276 1086 2360 intellegendum
1104 2297 1175 2343 esse
1192 2284 1283 2360 puto,

139 2381 254 2462 quiin
278 2380 388 2445 medio
411 2401 497 2447 nave
521 2387 623 2446 erant.

227 2483 377 2549 Rhodios
412 2505 578 2551 servorum
614 2504 715 2566 opera
747 2483 780 2548 iu
817 2486 922 2549 classe
953 2483 1085 2547 omuino
1113 2503 1180 2547 nun
1207 2501 1284 2548 usos

142 2608 215 2654 esse
250 2589 445 2656 Paulsenius
480 2609 524 2655 ex
558 2589 728 2656 Strabonis
763 2590 838 2654 loeo
868 2586 1050 2669 concludit,
1080 2604 1178 2668 quam
1206 2603 1282 2649 oon·

133 2697 297 2774 Jeoturam
321 2693 440 2758 falsam
463 2714 535 2760 esse
559 2692 891 2761 Schneiderwirthius
914 2687 1194 2772 demonstravit2).

228 2797 383 2873 Navium,
409 2796 527 2878 quibus
546 2787 666 2862 Rhodii
688 2797 721 2860 iu
746 2796 844 2861 classi
867 2795 988 2860 bellica
1003 2793 1054 2859 usi
1071 2798 1154 2874 sunt,
1171 2791 1278 2856 Maee-

140 2898 261 2964 douioa
297 2906 406 2965 aetate
442 2905 595 2981 quattuor
623 2898 813 2982 praecipue·
832 2917 954 2982 genera
984 2895 1085 2961 fuisse
1112 2892 1280 2959 videntur:

138 3002 216 3087 νῆες
240 2999 484 3088 κατάφρακτοι,
507 2999 708 3087 obtunditur,
734 2997 911 3086 ἄφρακτοι,
934 2995 1124 3084 upriustri).

234 3103 397 3186 Principis
440 3103 536 3168 navis
579 3103 738 3186 praefecti
782 3117 900 3167 nomen
944 3100 1007 3166 fuit
1048 3096 1278 3184 τριήραρχος4)

142 3205 333 3293 Τριηράρχῳ
357 3206 494 3272 inferior
511 3205 572 3270 fuit
588 3203 780 3292 πρωρεύςῡ).
820 3204 969 3270 Ceterum
986 3202 1019 3266 hi
1036 3200 1168 3264 navium
1185 3222 1280 3285 prae·

138 3311 219 3377 fecti
257 3332 315 3394 pro
346 3310 495 3392 navium,
526 3309 645 3390 quibus
675 3315 864 3392 praeerant,
893 3326 1014 3388 genere
1043 3303 1156 3370 ordine
1187 3304 1279 3371 diffe-

137 3415 267 3481 rebant.

228 3517 390 3584 Classium
416 3516 517 3582 duces
540 3535 603 3579 uon
628 3535 752 3598 semper
767 3512 927 3578 nauarchi
943 3511 1082 3593 suerunt,
1100 3509 1159 3574 sed
1174 3499 1280 3575 minor

136 3622 273 3688 navium
305 3639 460 3685 uumerus
488 3639 509 3682 a
537 3619 777 3702 praetoribusl)
808 3636 936 3700 quoque
966 3621 998 3681 et
1020 3613 1209 3680 trierarchis
1231 3614 1278 3678 vi·

138 3726 259 3792 dentur
283 3724 403 3789 ductae
428 3741 511 3788 esse.
549 3722 721 3805 Ejusmodi
745 3720 859 3787 classis
882 3719 983 3785 duces
998 3717 1088 3802 apud
1104 3716 1278 3801 Polybium

135 3867 339 3876 ...—.—

208 3949 234 4018 1)
253 3949 288 4002 R.
307 3948 340 4005 A
360 3947 409 4015 XI,
428 3963 455 4014 p.
474 3946 534 4000 222.

257 4033 447 4089 Schneiderw.
468 4047 540 4086 aum.
562 4030 623 4087 103

257 4120 286 4176 C
306 4123 335 4176 J
356 4120 387 4175 (t
408 4119 485 4184 2524
504 4118 592 4184 2525,
611 4119 646 4172 R
665 4116 699 4173 A
718 4115 767 4184 XI,
786 4132 812 4171 n.
833 4116 863 4170 1:
881 4114 982 4184 Polyb
1002 4115 1043 4183 16
1063 4114 1089 4168 2

208 4035 237 4105 2)

207 4122 235 4192 3)

206 4209 285 4276 4)

207 4296 291 4364 5)

207 4381 235 4436 ul
