3096 4874
530 1389 602 1478 §L
646 1392 698 1458 De
722 1392 871 1458 civibus.

219 1564 420 1631 Rhodiorum
443 1564 563 1630 civium
587 1562 651 1629 duc
674 1563 852 1647 praecipue
876 1584 999 1648 genera
1014 1572 1116 1649 crant,
1133 1586 1270 1649 quorum

134 1671 237 1735 altero
260 1668 285 1732 ii
309 1667 569 1749 continebantur,
594 1665 652 1749 qui
674 1667 763 1733 cives
786 1668 856 1732 nati
879 1673 989 1749 erant,
1012 1668 1126 1750 altero,
1151 1669 1271 1749 quibus

136 1771 252 1837 civitas
275 1792 296 1834 a
318 1771 439 1854 populo
462 1768 594 1834 honoris
618 1788 719 1834 eausa
743 1768 822 1835 data
846 1774 925 1835 erat.
970 1769 1074 1835 Nemo
1091 1770 1173 1837 civis
1189 1772 1270 1856 legi-

134 1875 232 1939 timus
267 1881 350 1956 erat,
386 1873 450 1938 nisi
479 1873 536 1956 qui
564 1879 703 1956 utroque
733 1879 872 1957 parente
901 1881 997 1939 natus
1025 1880 1105 1940 erat.
1156 1873 1220 1951 Qui
1250 1897 1270 1940 a

134 1982 226 2060 patre
256 1975 388 2058 quidem
419 1974 491 2042 eive
520 1975 580 2042 sed
609 1981 713 2042 matre
743 1976 920 2060 peregrina
946 1976 1016 2042 nati
1046 1984 1154 2061 erant,
1179 1978 1270 2045 cives

132 2101 196 2147 non
225 2079 364 2164 legitimi
394 2079 547 2146 videntur
573 2078 690 2162 fuisse,
723 2098 797 2144 cum
827 2079 861 2144 in
892 2081 988 2145 titulo
1011 2079 1159 2164 Lindi01)
1185 2083 1271 2163 ejus-

131 2183 219 2248 modi
254 2183 336 2248 oivis
364 2182 497 2266 quidam
528 2182 656 2248 dicatur
684 2184 810 2268 ματρὸς
841 2181 881 2247 δὲ
908 2185 1022 2266 ξένας,
1052 2201 1138 2265 quae
1170 2183 1270 2250 verba

134 2286 297 2368 superflua
320 2290 438 2367 essent,
462 2285 526 2351 nisi
548 2285 696 2369 spurium
719 2285 824 2352 civem
846 2285 1041 2350 indicarent.
1071 2284 1270 2368 Hujusmcdi

133 2390 223 2455 cives
240 2387 329 2472 apud
349 2388 496 2455 Rhodios
518 2390 740 2474 ματροξένους
766 2407 896 2472 quoque
920 2388 1106 2471 appellatos
1129 2409 1201 2455 esse
1225 2409 1270 2455 ex

130 2495 204 2558 loco
229 2492 372 2576 quodam
395 2493 579 2558 scholarum
597 2492 857 2576 Euripedcarum
881 2493 1059 2576 appareti).
1104 2492 1269 2559 Matrimo-

129 2597 220 2661 nium
248 2595 349 2680 igitur
377 2617 443 2661 non
469 2597 655 2679 legitimum
679 2596 813 2663 videtur
836 2597 937 2662 fuisse
960 2595 1046 2661 inter
1068 2595 1269 2662 Rhodiorum

128 2700 220 2765 cives
251 2706 283 2765 ct
311 2700 518 2782 peregrin0s3
549 2699 828 2782 quemadmodum
865 2697 953 2782 apud
981 2706 1110 2766 eeteros
1138 2718 1269 2782 quoque

129 2801 275 2869 Graecos
310 2801 469 2870 acerrime
505 2803 539 2867 in
575 2822 632 2868 ecs
659 2802 906 2885 vindicabatur,
942 2802 999 2886 qui
1027 2803 1269 2869 matrimonium

128 2911 366 2972 contraxerunt
389 2906 471 2972 civis
494 2925 568 2971 cum
590 2907 777 2990 peregrina,
801 2905 995 2990 peregrinus
1018 2925 1091 2970 cum
1108 2906 1188 2990 cive,
1205 2925 1267 2972 nec

127 2996 304 3094 quisquam
333 3009 414 3075 civis
443 3008 641 3091 habebatur,
672 3009 736 3075 nisi
766 3009 823 3092 qui
851 3015 992 3092 utroque
1015 3015 1151 3092 parente
1174 3016 1270 3074 natus

127 3120 224 3179 esset.

214 3217 362 3282 Alterum
392 3215 513 3280 civium
536 3236 641 3299 genus
666 3236 778 3282 eornm
802 3215 878 3299 luit,
904 3214 1024 3298 quibus
1049 3213 1168 3280 civitas
1191 3212 1271 3279 data
1299 3208 1309 3224 ‘

125 3327 209 3385 erat.
255 3321 349 3384 Hane
379 3326 489 3386 autem
519 3319 704 3402 civitatem,
735 3338 821 3402 quae
844 3317 979 3385 honoris
1002 3337 1103 3383 eausa
1125 3317 1269 3400 peregri·

125 3423 179 3488 nis
208 3421 281 3487 dari
310 3423 452 3502 solebat,
484 3442 581 3505 cave,
605 3444 647 3489 ne
671 3421 857 3487 confundas
880 3441 953 3486 cum
977 3420 1043 3485 alio
1066 3419 1269 3485 Rhodiorum

124 3524 373 3608 peregrinorum
397 3525 529 3610 honore,
554 3525 607 3590 cui
630 3522 800 3606 ἐπιδαμία
823 3544 941 3591 nomen
965 3529 1044 3589 erat.
1088 3522 1270 3586 Πολιτείαν

123 3628 296 3712 proprium
319 3628 476 3694 honorem
498 3628 600 3695 fuisse
624 3635 656 3696 et
682 3625 869 3708 ἐπιδαμίας
893 3627 1008 3692 honori
1023 3625 1208 3710 oppositum
1226 3645 1269 3692 ex

123 3729 255 3797 duobos
278 3731 382 3797 titulis
403 3731 544 3816 intelligi
567 3738 683 3815 potest,
708 3750 847 3814 quorum
870 3729 903 3793 in
927 3732 1032 3796 altero
1043 3728 1069 3813 ³)
1093 3729 1175 3794 civis
1198 3729 1269 3812 qui-

122 3833 202 3899 dam
237 3833 534 3918 Rhodiopolita'nus
564 3834 685 3900 dicitur
712 3829 761 3912 „o‘
784 3831 939 3915 πολείτης
968 3837 1023 3895 καὶ
1049 3830 1206 3906 “Ρό6ιος“
1234 3831 1269 3897 in

120 3939 231 4005 altero
246 3938 266 4021 ⁴)
296 3937 475 4004 statuarius
507 3938 642 4005 natione
665 3936 788 4022 Lycius
821 3934 941 4001 dicitur
963 3933 1008 4013 „o‘
1030 3940 1084 3998 καὶ
1105 3933 1265 4013 Ῥόδιος,“

195 4106 223 4176 1)
243 4109 326 4173 Ross,
344 4107 429 4165 Arch.
447 4107 527 4164 Anfs.
546 4108 575 4162 ΙΙ
592 4125 619 4177 p.
639 4109 690 4164 606
709 4125 735 4162 n.
756 4109 799 4162 18.

194 4193 223 4263 2)
243 4194 338 4263 Eurip.
357 4183 447 4251 schol,
464 4195 570 4250 Alcest.
589 4211 617 4252 v.
636 4195 718 4262 1001,
737 4194 774 4253 cf.
791 4193 913 4262 Hesyeh.
932 4209 954 4248 s.
974 4209 1004 4250 v.¹
1021 4189 1200 4262 antedictos.

194 4279 221 4346 3)
240 4277 281 4332 Le
299 4278 569 4348 Bas-Waddington,
587 4279 674 4333 Inscr.
693 4277 831 4346 Rhodicp.

195 4360 225 4430 4)
245 4362 320 4417 Roas
339 4363 412 4420 Hell.
431 4363 473 4420 36.
