3096 4874
671 349 962 414 .-aa--

282 523 435 588 minatur.
492 520 535 586 Hi
576 520 740 587 variorum
784 517 998 602 collegiorum
1032 517 1161 584 scribae
1195 536 1254 601 pro
1291 517 1425 600 collegii

285 626 444 708 cujusque
467 625 664 691 auctoritate
688 623 803 688 ordine
825 621 1032 688 differebant.
1069 619 1221 686 Summus
1237 621 1307 687 sine
1323 621 1424 686 dubio

285 735 420 796 senatus
443 747 484 792 ac
507 733 684 811 prytanum
708 727 815 792 scriba
837 725 911 807 fuit,
935 723 991 808 qui
1007 723 1040 789 in
1056 723 1161 789 titulis
1176 729 1252 807 post
1267 728 1426 808 prytanes

281 831 342 903 sed
372 836 449 896 aute
479 836 647 913 praetores
676 830 785 893 locum
814 827 951 893 obtinet.
996 825 1103 909 Hujus
1132 826 1260 891 scribae
1284 827 1425 892 auetori-

279 941 384 1000 tatem
413 952 625 1015 permagnam
653 930 756 997 fuisse
786 950 829 996 ex
852 929 1102 996 Atheniensium
1133 937 1267 995 senatus
1296 929 1425 996 scribae

285 1021 481 1103 auctoritate
508 1034 652 1118 intelligi
678 1040 797 1118 potest.
842 1033 961 1116 Neque
985 1037 1096 1099 autem
1119 1039 1197 1115 puto
1223 1032 1426 1098 Rhodiorum

284 1139 410 1206 scribas
434 1146 568 1204 senatus
591 1159 631 1204 ac
654 1145 831 1224 prytanum
854 1144 890 1202 ut
905 1135 1045 1201 Athenis
1059 1155 1119 1217 pro
1136 1134 1276 1218 singulis
1291 1143 1427 1202 senatus

283 1243 449 1327 partibile,
479 1261 564 1325 quae
594 1262 653 1324 por
683 1259 812 1308 menses
832 1245 981 1304 mutatae
1003 1237 1230 1322 magistratum
1253 1240 1424 1323 gerebant,

282 1366 342 1430 per
370 1345 460 1411 vices
490 1351 619 1411 creatos
649 1363 738 1425 esse,
762 1341 823 1410 sed
845 1361 963 1407 munus
992 1343 1137 1407 annuum
1160 1341 1291 1408 videtur
1308 1341 1425 1423 fuisse,

284 1469 357 1514 cum
380 1449 414 1511 in
438 1447 550 1530 titulis,
576 1446 632 1512 ubi
649 1446 850 1512 Rhodiorum
870 1445 1082 1529 magistratus
1098 1451 1338 1527 enumerantur,
1363 1465 1426 1512 sex

289 1559 447 1635 prytanes
474 1549 534 1616 sed
562 1570 646 1616 unus
668 1569 798 1632 semper
820 1548 928 1614 scriba
950 1554 1084 1614 senatus
1106 1568 1146 1613 ac
1169 1553 1346 1631 prytanum
1367 1569 1426 1614 no-

285 1654 437 1720 minetur.
492 1653 575 1720 Item
615 1657 667 1718 cet
669 1672 799 1718 erorum
839 1651 1054 1734 collegiorum
1094 1651 1265 1717 scribas
1256 1671 1290 1715 ιιι
1325 1673 1425 1718 unum

284 1777 406 1822 aunum
430 1761 558 1824 creatos
581 1775 653 1824 esse
676 1754 886 1821 crediderim.
918 1753 1018 1819 Haud
1033 1774 1172 1837 parvum
1186 1755 1314 1822 scribae
1330 1775 1425 1820 sona-

284 1869 337 1927 tus
359 1859 545 1927 auctoritat
537 1878 565 1924 rs
523 1857 747 1923 tindicium
763 1865 821 1939 est,
846 1857 959 1940 quod'
949 1879 983 1922 ιιι
998 1857 1093 1924 titulo
1109 1858 1252 1940 quodam
1262 1857 1287 1942 1)
1311 1877 1425 1925 omnes

286 1971 319 2032 et
341 1963 483 2046 majores
506 1970 538 2030 et
561 1961 703 2028 minores
725 1961 939 2044 magistratus
961 1960 1006 2025 ad
1027 1967 1122 2025 senat
1124 1979 1161 2026 us
1109 1962 1325 2027 tscribam
1340 1981 1425 2026 mor-

284 2075 376 2132 tuum
392 2067 581 2148 sepulturae
597 2065 721 2130 honore
739 2063 923 2129 ornandum
939 2083 1133 2130 concurrere
1149 2065 1300 2147 legimus.
1330 2064 1424 2142 Quae

285 2177 343 2234 aut
344 2190 395 2235 ern
426 2169 525 2236 fuerit
554 2169 637 2236 haec
660 2167 788 2234 scribae
814 2173 908 2232 senat
910 2187 947 2232 us
970 2187 1011 2232 ae
1033 2174 1211 2252 prytanum
1233 2169 1423 2252 auctoritas,

286 2271 352 2337 dici
392 2271 450 2338 vix
490 2273 603 2356 possit
660 2271 755 2338 Certe
796 2269 1052 2353 reipublicaet
1038 2271 1203 2336 tabulario
1237 2280 1423 2355 praeerant,

285 2376 402 2459 quod'
392 2397 427 2440 ιιι
451 2384 613 2461 prytaneo
638 2383 710 2442 erat
717 2374 754 2460 ²,)
777 2374 835 2440 ubi
857 2380 991 2440 senatus
1014 2394 1054 2439 ao
1077 2374 1191 2458 populi
1208 2375 1341 2440 decreta
1357 2396 1425 2441 ser·

283 2480 456 2545 rabantur
502 2479 619 2564 Populi
647 2478 780 2561 quidem
804 2459 917 2543 decret
904 2482 940 2541 ta
961 2477 1078 2544 litteris
1101 2478 1259 2542 mandata
1282 2497 1354 2544 esse
1378 2499 1425 2544 ex

282 2583 383 2648 variis
407 2583 601 2666 scriptorum
633 2580 715 2647 locis
739 2579 921 2663 appareti).
966 2579 1114 2645 Additus
1135 2579 1199 2644 fuit
1221 2582 1348 2647 scribae
1372 2601 1422 2648 se-

282 2692 340 2750 nat
341 2706 380 2751 us
408 2706 448 2751 ao
471 2690 547 2770 pryt
549 2705 648 2750 anum
672 2683 843 2762 subscribe
866 2689 1000 2748 senatus
1023 2702 1062 2748 ac
1085 2690 1279 2768 prytanum,
1310 2684 1422 2767 quiin

286 2788 414 2854 duobus
436 2788 541 2854 titulis
564 2788 706 2853 occurrit
715 2785 752 2870 4.)
798 2787 860 2850 Hic
882 2785 1049 2852 inferioris
1073 2786 1197 2852 ordinis
1213 2787 1424 2870 magistratus

284 2898 369 2974 erat,
400 2900 474 2956 oum'
496 2892 567 2955 int
554 2891 659 2956 titulis
682 2897 756 2974 post
778 2890 1007 2973 episcoporum
1030 2890 1186 2974 collgium
1208 2891 1317 2966 locum
1340 2890 1423 2956 obti-

283 3000 370 3058 neat.
408 2993 566 3060 Itemt
515 3001 566 3060 cet
569 3014 699 3084 erorum
723 2992 936 3076 collegiorum
960 2993 1076 3058 scribis
1090 2993 1276 3060 subscribas
1292 2993 1384 3058 addit
1372 2999 1424 3058 tos

281 3094 385 3163 fuisse
415 3117 457 3162 ex
486 3095 669 3180 fragmento
698 3091 799 3161 illo*
781 3119 943 3183 υπογραμ
967 3144 974 3158 .
998 3144 1006 3160 .
1029 3143 1037 3158 .
1127 3142 1134 3157 .
1160 3145 1167 3159 .
1190 3097 1225 3160 iu
1248 3096 1311 3162 fine
1334 3097 1374 3161 tit
1361 3095 1423 3161 tuli

283 3199 457 3282 eujusdam
486 3220 507 3263 a
529 3199 646 3265 Rossio
677 3198 796 3284 editis)
824 3199 978 3264 concludi
1006 3205 1123 3283 potest.
1100 3199 1293 3265 tSimilis
1319 3199 1423 3282 magi-

284 3307 404 3368 stratus
438 3323 478 3368 ac
512 3303 621 3378 scriba
655 3310 787 3368 senatus
822 3323 861 3366 ac
895 3308 1070 3386 prytanum
1099 3300 1196 3366 Lindi
1229 3310 1423 3368 mastrorum

283 3404 390 3470 scriba
413 3413 483 3472 erat
492 3404 517 3491 6)
543 3412 575 3472 et
595 3405 674 3472 Nett
648 3411 757 3472 ttaeae
780 3403 800 3469 ὅ
822 3404 1034 3490 γραμματεὺς
1057 3402 1124 3468 τῶν
1147 3403 1378 3492 ιεροφυλακων
1387 3407 1422 3490 4)

352 3747 378 3816 1)
397 3749 432 3802 Β.
451 3747 484 3802 A
503 3747 554 3815 XI,
574 3763 600 3801 ιι.
620 3747 644 3801 2.

351 3832 380 3901 2)
399 3832 502 3904 Polyb
523 3833 631 3902 16,15;
652 3833 705 3887 Dio
723 3831 825 3902 Chrys.
844 3831 938 3886 Rbod.

323 3986 326 3991 ¹
352 3917 379 3988 3)
398 3917 482 3973 Diod.
501 3919 544 3972 20.
565 3918 614 3987 84,
632 3919 695 3975 Liv
714 3919 757 3987 45,
777 3919 824 3987 253
843 3918 897 3973 Dio
918 3917 982 3974 chr.
1002 3918 1092 3973 Rhod

352 4005 381 4073 4)
401 4006 484 4074 Ross,
503 4006 529 4061 J.
551 4006 584 4062 G
602 4006 963 4073 J.275;Mittheil.11‚l.
983 4022 1007 4062 c.

350 4090 480 4160 5,)Ross
498 4090 525 4145 J.
545 4089 578 4146 6
597 4091 624 4146 J.
643 4091 702 4146 275.
864 4093 866 4096 ’

351 4176 486 4246 6)Ross,
505 4175 590 4231 Arch.
610 4175 690 4232 Auis
709 4178 745 4246 ΙΙ,
764 4195 791 4233 n.
812 4179 853 4232 16

352 4260 481 4330 'l,)Ross
499 4261 526 4316 J.
545 4259 578 4316 G.
597 4261 624 4316 J.
643 4277 670 4316 n.
688 4261 749 4316 276.
