<?xml version="1.0" encoding="UTF-8"?>
<!DOCTYPE html PUBLIC "-//W3C//DTD XHTML 1.0 Transitional//EN"
    "http://www.w3.org/TR/xhtml1/DTD/xhtml1-transitional.dtd">
<html xmlns="http://www.w3.org/1999/xhtml" xml:lang="en" lang="en">
 <head>
  <title>
</title>
<meta http-equiv="Content-Type" content="text/html;charset=utf-8" />
  <meta name='ocr-system' content='tesseract 3.04.00' />
  <meta name='ocr-capabilities' content='ocr_page ocr_carea ocr_par ocr_line ocrx_word'/>
</head>
<body>
  <div class='ocr_page' id='page_1' title='image "./derepublicarhod00bottgoog_0010.png"; bbox 0 0 3096 4874; ppageno 0'>
   <div class='ocr_carea' id='block_1_1' title="bbox 149 1257 1285 1467">
    <p class='ocr_par' dir='ltr' id='par_1_1' title="bbox 149 1257 1285 1467">
     <span class='ocr_line' id='line_1_1' title="bbox 239 1257 1284 1361; baseline -0.005 -15"><span class='ocrx_word' id='word_1_1' title='bbox 239 1257 449 1353; x_wconf 84' lang='lat' dir='ltr'>Rhodiorum</span> <span class='ocrx_word' id='word_1_2' title='bbox 484 1277 687 1361; x_wconf 89' lang='lat' dir='ltr'>reipublicae</span> <span class='ocrx_word' id='word_1_3' title='bbox 724 1276 827 1342; x_wconf 88' lang='lat' dir='ltr'>forma</span> <span class='ocrx_word' id='word_1_4' title='bbox 861 1278 903 1343; x_wconf 91' lang='lat' dir='ltr'>ab</span> <span class='ocrx_word' id='word_1_5' title='bbox 938 1277 1144 1360; x_wconf 79' lang='lat' dir='ltr'>antiquitatis</span> <span class='ocrx_word' id='word_1_6' title='bbox 1177 1298 1284 1344; x_wconf 89' lang='lat' dir='ltr'>rerum</span> 
     </span>
     <span class='ocr_line' id='line_1_2' title="bbox 149 1379 1285 1467; baseline -0.001 -18"><span class='ocrx_word' id='word_1_7' title='bbox 149 1384 362 1467; x_wconf 77' lang='lat' dir='ltr'>scriptoribus</span> <span class='ocrx_word' id='word_1_8' title='bbox 391 1402 521 1466; x_wconf 79' lang='lat' dir='ltr'>semper</span> <span class='ocrx_word' id='word_1_9' title='bbox 546 1380 680 1447; x_wconf 90' lang='lat' dir='ltr'>summis</span> <span class='ocrx_word' id='word_1_10' title='bbox 700 1379 855 1446; x_wconf 85' lang='lat' dir='ltr'>laudibus</span> <span class='ocrx_word' id='word_1_11' title='bbox 879 1380 1117 1447; x_wconf 77' lang='lat' dir='ltr'>celebrabatur.</span> <span class='ocrx_word' id='word_1_12' title='bbox 1162 1382 1285 1448; x_wconf 92' lang='lat' dir='ltr'>Diodo-</span> 
     </span>
    </p>
   </div>
   <div class='ocr_carea' id='block_1_2' title="bbox 147 1483 1287 1879">
    <p class='ocr_par' dir='ltr' id='par_1_2' title="bbox 147 1483 1287 1879">
     <span class='ocr_line' id='line_1_3' title="bbox 150 1483 1286 1568; baseline 0 -16"><span class='ocrx_word' id='word_1_13' title='bbox 150 1507 204 1552; x_wconf 89' lang='lat' dir='ltr'>rus</span> <span class='ocrx_word' id='word_1_14' title='bbox 246 1486 379 1568; x_wconf 87' lang='lat' dir='ltr'>quidem</span> <span class='ocrx_word' id='word_1_15' title='bbox 413 1485 618 1551; x_wconf 88' lang='lat' dir='ltr'>Rhodiorum</span> <span class='ocrx_word' id='word_1_16' title='bbox 659 1483 895 1567; x_wconf 82' lang='lat' dir='ltr'>rempublicam</span> <span class='ocrx_word' id='word_1_17' title='bbox 926 1483 1142 1550; x_wconf 90' lang='lat' dir='ltr'>Macedonica</span> <span class='ocrx_word' id='word_1_18' title='bbox 1177 1492 1286 1552; x_wconf 89' lang='lat' dir='ltr'>aetate</span> 
     </span>
     <span class='ocr_line' id='line_1_4' title="bbox 149 1587 1286 1671; baseline -0.002 -14"><span class='ocrx_word' id='word_1_19' title='bbox 149 1591 290 1657; x_wconf 92' lang='lat' dir='ltr'>omnium</span> <span class='ocrx_word' id='word_1_20' title='bbox 313 1588 473 1656; x_wconf 78' lang='lat' dir='ltr'>Graeciae</span> <span class='ocrx_word' id='word_1_21' title='bbox 504 1588 673 1654; x_wconf 86' lang='lat' dir='ltr'>civitatum</span> <span class='ocrx_word' id='word_1_22' title='bbox 702 1587 756 1652; x_wconf 88' lang='lat' dir='ltr'>vel</span> <span class='ocrx_word' id='word_1_23' title='bbox 785 1587 906 1671; x_wconf 93' lang='lat' dir='ltr'>optime</span> <span class='ocrx_word' id='word_1_24' title='bbox 943 1589 1153 1653; x_wconf 85' lang='lat' dir='ltr'>constitutam</span> <span class='ocrx_word' id='word_1_25' title='bbox 1184 1588 1286 1655; x_wconf 83' lang='lat' dir='ltr'>luisse</span> 
     </span>
     <span class='ocr_line' id='line_1_5' title="bbox 148 1690 1287 1784; baseline -0.002 -26"><span class='ocrx_word' id='word_1_26' title='bbox 148 1694 302 1759; x_wconf 86' lang='lat' dir='ltr'>affirmat.</span> <span class='ocrx_word' id='word_1_27' title='bbox 313 1692 337 1777; x_wconf 86' lang='lat'>¹)</span> <span class='ocrx_word' id='word_1_28' title='bbox 383 1693 431 1758; x_wconf 83' lang='lat' dir='ltr'>Eo</span> <span class='ocrx_word' id='word_1_29' title='bbox 455 1693 561 1776; x_wconf 83' lang='lat' dir='ltr'>magis</span> <span class='ocrx_word' id='word_1_30' title='bbox 585 1690 762 1757; x_wconf 89' lang='lat' dir='ltr'>dolendum</span> <span class='ocrx_word' id='word_1_31' title='bbox 786 1697 851 1774; x_wconf 86' lang='lat' dir='ltr'>est,</span> <span class='ocrx_word' id='word_1_32' title='bbox 876 1691 965 1773; x_wconf 91' lang='lat' dir='ltr'>quod</span> <span class='ocrx_word' id='word_1_33' title='bbox 994 1691 1090 1757; x_wconf 92' lang='lat' dir='ltr'>nobis</span> <span class='ocrx_word' id='word_1_34' title='bbox 1119 1711 1287 1784; x_wconf 88' lang='lat' dir='ltr'>perpauca</span> 
     </span>
     <span class='ocr_line' id='line_1_6' title="bbox 147 1794 1285 1879; baseline -0.003 -17"><span class='ocrx_word' id='word_1_35' title='bbox 147 1797 244 1863; x_wconf 91' lang='lat' dir='ltr'>modo</span> <span class='ocrx_word' id='word_1_36' title='bbox 267 1797 302 1861; x_wconf 93' lang='lat' dir='ltr'>in</span> <span class='ocrx_word' id='word_1_37' title='bbox 326 1795 466 1879; x_wconf 83' lang='lat' dir='ltr'>singulis</span> <span class='ocrx_word' id='word_1_38' title='bbox 489 1795 531 1862; x_wconf 97' lang='grc'>(16</span> <span class='ocrx_word' id='word_1_39' title='bbox 553 1794 756 1860; x_wconf 86' lang='lat' dir='ltr'>Rhodiorum</span> <span class='ocrx_word' id='word_1_40' title='bbox 770 1795 981 1878; x_wconf 63' lang='lat' dir='ltr'>vreipublicae</span> <span class='ocrx_word' id='word_1_41' title='bbox 1004 1794 1111 1860; x_wconf 85' lang='lat' dir='ltr'>icrma</span> <span class='ocrx_word' id='word_1_42' title='bbox 1134 1816 1155 1859; x_wconf 93' lang='lat' dir='ltr'>a</span> <span class='ocrx_word' id='word_1_43' title='bbox 1178 1816 1285 1862; x_wconf 89' lang='lat' dir='ltr'>rerum</span> 
     </span>
    </p>
   </div>
   <div class='ocr_carea' id='block_1_3' title="bbox 45 1896 1287 1982">
    <p class='ocr_par' dir='ltr' id='par_1_3' title="bbox 45 1896 1287 1982">
     <span class='ocr_line' id='line_1_7' title="bbox 45 1896 1287 1982; baseline -0.002 -17"><span class='ocrx_word' id='word_1_44' title='bbox 45 1911 47 1914; x_wconf 82' lang='grc'><strong>’</strong></span> <span class='ocrx_word' id='word_1_45' title='bbox 147 1899 363 1982; x_wconf 85' lang='lat' dir='ltr'>scriptoribus</span> <span class='ocrx_word' id='word_1_46' title='bbox 396 1897 517 1963; x_wconf 91' lang='lat' dir='ltr'>tradita</span> <span class='ocrx_word' id='word_1_47' title='bbox 552 1905 641 1980; x_wconf 91' lang='lat' dir='ltr'>sunt,</span> <span class='ocrx_word' id='word_1_48' title='bbox 677 1918 766 1980; x_wconf 89' lang='lat' dir='ltr'>cum,</span> <span class='ocrx_word' id='word_1_49' title='bbox 796 1897 853 1980; x_wconf 91' lang='lat' dir='ltr'>qui</span> <span class='ocrx_word' id='word_1_50' title='bbox 883 1898 924 1963; x_wconf 91' lang='lat' dir='ltr'>de</span> <span class='ocrx_word' id='word_1_51' title='bbox 955 1896 1159 1963; x_wconf 87' lang='lat' dir='ltr'>Rhodiorum</span> <span class='ocrx_word' id='word_1_52' title='bbox 1187 1897 1287 1964; x_wconf 88' lang='lat' dir='ltr'>rebus</span> 
     </span>
    </p>
   </div>
   <div class='ocr_carea' id='block_1_4' title="bbox 145 2000 1326 4252">
    <p class='ocr_par' dir='ltr' id='par_1_4' title="bbox 145 2000 1326 3941">
     <span class='ocr_line' id='line_1_8' title="bbox 145 2000 1287 2085; baseline 0 -17"><span class='ocrx_word' id='word_1_53' title='bbox 145 2001 337 2068; x_wconf 86' lang='lat' dir='ltr'>accuratius</span> <span class='ocrx_word' id='word_1_54' title='bbox 365 2001 581 2084; x_wconf 87' lang='lat' dir='ltr'>scripserunt,</span> <span class='ocrx_word' id='word_1_55' title='bbox 608 2000 822 2066; x_wconf 84' lang='lat' dir='ltr'>Antisthenes</span> <span class='ocrx_word' id='word_1_56' title='bbox 850 2001 976 2085; x_wconf 82' lang='lat' dir='ltr'>Ergeas</span> <span class='ocrx_word' id='word_1_57' title='bbox 998 2001 1175 2085; x_wconf 87' lang='lat' dir='ltr'>Polyzelus</span> <span class='ocrx_word' id='word_1_58' title='bbox 1198 2001 1287 2068; x_wconf 89' lang='lat' dir='ltr'>Zeno</span> 
     </span>
     <span class='ocr_line' id='line_1_9' title="bbox 148 2104 1286 2189; baseline 0.001 -18"><span class='ocrx_word' id='word_1_59' title='bbox 148 2105 279 2186; x_wconf 82' lang='lat' dir='ltr'>Rhodii,</span> <span class='ocrx_word' id='word_1_60' title='bbox 303 2126 414 2171; x_wconf 87' lang='lat' dir='ltr'>eorum</span> <span class='ocrx_word' id='word_1_61' title='bbox 439 2125 574 2189; x_wconf 89' lang='lat' dir='ltr'>operum</span> <span class='ocrx_word' id='word_1_62' title='bbox 597 2127 640 2170; x_wconf 92' lang='lat' dir='ltr'>ne</span> <span class='ocrx_word' id='word_1_63' title='bbox 663 2126 763 2170; x_wconf 89' lang='lat' dir='ltr'>unum</span> <span class='ocrx_word' id='word_1_64' title='bbox 787 2104 921 2188; x_wconf 89' lang='lat' dir='ltr'>quidem</span> <span class='ocrx_word' id='word_1_65' title='bbox 943 2104 988 2169; x_wconf 90' lang='lat' dir='ltr'>ad</span> <span class='ocrx_word' id='word_1_66' title='bbox 1010 2111 1122 2172; x_wconf 88' lang='lat' dir='ltr'>nostra</span> <span class='ocrx_word' id='word_1_67' title='bbox 1138 2111 1286 2188; x_wconf 89' lang='lat' dir='ltr'>tempora</span> 
     </span>
     <span class='ocr_line' id='line_1_10' title="bbox 148 2208 1286 2293; baseline -0.001 -17"><span class='ocrx_word' id='word_1_68' title='bbox 148 2209 344 2292; x_wconf 87' lang='lat' dir='ltr'>pervenerit.</span> <span class='ocrx_word' id='word_1_69' title='bbox 383 2210 554 2293; x_wconf 86' lang='lat' dir='ltr'>Perpauca</span> <span class='ocrx_word' id='word_1_70' title='bbox 569 2209 637 2292; x_wconf 88' lang='lat' dir='ltr'>illa,</span> <span class='ocrx_word' id='word_1_71' title='bbox 655 2228 742 2291; x_wconf 91' lang='lat' dir='ltr'>quac</span> <span class='ocrx_word' id='word_1_72' title='bbox 759 2208 800 2275; x_wconf 91' lang='grc'>(16</span> <span class='ocrx_word' id='word_1_73' title='bbox 817 2208 1018 2275; x_wconf 87' lang='lat' dir='ltr'>Rhodiorum</span> <span class='ocrx_word' id='word_1_74' title='bbox 1034 2209 1206 2292; x_wconf 89' lang='lat' dir='ltr'>republica</span> <span class='ocrx_word' id='word_1_75' title='bbox 1220 2217 1286 2275; x_wconf 91' lang='lat' dir='ltr'>tra-</span> 
     </span>
     <span class='ocr_line' id='line_1_11' title="bbox 148 2311 1287 2397; baseline 0.005 -23"><span class='ocrx_word' id='word_1_76' title='bbox 148 2312 219 2376; x_wconf 89' lang='lat' dir='ltr'>dita</span> <span class='ocrx_word' id='word_1_77' title='bbox 242 2319 326 2392; x_wconf 86' lang='lat' dir='ltr'>sunt,</span> <span class='ocrx_word' id='word_1_78' title='bbox 349 2312 440 2397; x_wconf 91' lang='lat' dir='ltr'>apud</span> <span class='ocrx_word' id='word_1_79' title='bbox 462 2313 573 2378; x_wconf 88' lang='lat' dir='ltr'>varios</span> <span class='ocrx_word' id='word_1_80' title='bbox 597 2311 805 2394; x_wconf 88' lang='lat' dir='ltr'>antiquitatis</span> <span class='ocrx_word' id='word_1_81' title='bbox 821 2332 928 2378; x_wconf 88' lang='lat' dir='ltr'>rerum</span> <span class='ocrx_word' id='word_1_82' title='bbox 946 2312 1121 2396; x_wconf 88' lang='lat' dir='ltr'>scriptores</span> <span class='ocrx_word' id='word_1_83' title='bbox 1138 2312 1287 2397; x_wconf 90' lang='lat' dir='ltr'>dispersa</span> 
     </span>
     <span class='ocr_line' id='line_1_12' title="bbox 148 2413 1286 2499; baseline 0.004 -21"><span class='ocrx_word' id='word_1_84' title='bbox 148 2413 367 2480; x_wconf 87' lang='lat' dir='ltr'>inveniuntur.</span> <span class='ocrx_word' id='word_1_85' title='bbox 431 2414 525 2492; x_wconf 79' lang='lat' dir='ltr'>Quae</span> <span class='ocrx_word' id='word_1_86' title='bbox 566 2414 705 2498; x_wconf 92' lang='lat' dir='ltr'>primum</span> <span class='ocrx_word' id='word_1_87' title='bbox 741 2414 891 2497; x_wconf 85' lang='lat' dir='ltr'>quamvis</span> <span class='ocrx_word' id='word_1_88' title='bbox 923 2414 1077 2480; x_wconf 91' lang='lat' dir='ltr'>inchoata</span> <span class='ocrx_word' id='word_1_89' title='bbox 1112 2415 1286 2499; x_wconf 83' lang='lat' dir='ltr'>collegisse</span> 
     </span>
     <span class='ocr_line' id='line_1_13' title="bbox 147 2516 1287 2585; baseline 0.004 -5"><span class='ocrx_word' id='word_1_90' title='bbox 147 2517 281 2583; x_wconf 89' lang='lat' dir='ltr'>Meursii</span> <span class='ocrx_word' id='word_1_91' title='bbox 309 2518 383 2584; x_wconf 89' lang='lat' dir='ltr'>laus</span> <span class='ocrx_word' id='word_1_92' title='bbox 411 2525 469 2585; x_wconf 90' lang='lat' dir='ltr'>est.</span> <span class='ocrx_word' id='word_1_93' title='bbox 521 2519 605 2583; x_wconf 84' lang='lat' dir='ltr'>Tum</span> <span class='ocrx_word' id='word_1_94' title='bbox 629 2518 665 2582; x_wconf 91' lang='lat' dir='ltr'>P.</span> <span class='ocrx_word' id='word_1_95' title='bbox 689 2517 731 2582; x_wconf 91' lang='lat' dir='ltr'>D.</span> <span class='ocrx_word' id='word_1_96' title='bbox 755 2516 789 2582; x_wconf 83' lang='lat' dir='ltr'>O.</span> <span class='ocrx_word' id='word_1_97' title='bbox 813 2517 1010 2584; x_wconf 89' lang='lat' dir='ltr'>Paulsenius</span> <span class='ocrx_word' id='word_1_98' title='bbox 1033 2518 1067 2583; x_wconf 92' lang='lat' dir='ltr'>in</span> <span class='ocrx_word' id='word_1_99' title='bbox 1091 2526 1287 2585; x_wconf 86' lang='lat' dir='ltr'>commenta-</span> 
     </span>
     <span class='ocr_line' id='line_1_14' title="bbox 147 2621 1286 2706; baseline 0 -20"><span class='ocrx_word' id='word_1_100' title='bbox 147 2621 236 2688; x_wconf 89' lang='lat' dir='ltr'>tione</span> <span class='ocrx_word' id='word_1_101' title='bbox 259 2642 319 2687; x_wconf 88' lang='lat' dir='ltr'>sna</span> <span class='ocrx_word' id='word_1_102' title='bbox 342 2621 383 2688; x_wconf 89' lang='lat' dir='ltr'>de</span> <span class='ocrx_word' id='word_1_103' title='bbox 400 2621 516 2687; x_wconf 91' lang='lat' dir='ltr'>Rhodo</span> <span class='ocrx_word' id='word_1_104' title='bbox 540 2621 758 2688; x_wconf 87' lang='lat' dir='ltr'>Macedonica</span> <span class='ocrx_word' id='word_1_105' title='bbox 780 2628 889 2687; x_wconf 86' lang='lat' dir='ltr'>aetate</span> <span class='ocrx_word' id='word_1_106' title='bbox 904 2621 1107 2687; x_wconf 88' lang='lat' dir='ltr'>Rhodiorum</span> <span class='ocrx_word' id='word_1_107' title='bbox 1130 2622 1286 2706; x_wconf 89' lang='lat' dir='ltr'>reipubli-</span> 
     </span>
     <span class='ocr_line' id='line_1_15' title="bbox 146 2723 1287 2792; baseline 0.004 -4"><span class='ocrx_word' id='word_1_108' title='bbox 146 2743 208 2790; x_wconf 87' lang='lat' dir='ltr'>cae</span> <span class='ocrx_word' id='word_1_109' title='bbox 232 2723 370 2789; x_wconf 87' lang='lat' dir='ltr'>fcrmam</span> <span class='ocrx_word' id='word_1_110' title='bbox 392 2724 579 2790; x_wconf 84' lang='lat' dir='ltr'>accuratius</span> <span class='ocrx_word' id='word_1_111' title='bbox 602 2725 767 2789; x_wconf 86' lang='lat' dir='ltr'>tractavit.</span> <span class='ocrx_word' id='word_1_112' title='bbox 809 2725 930 2789; x_wconf 89' lang='lat' dir='ltr'>Nostra</span> <span class='ocrx_word' id='word_1_113' title='bbox 957 2730 1067 2792; x_wconf 87' lang='lat' dir='ltr'>aetate</span> <span class='ocrx_word' id='word_1_114' title='bbox 1091 2725 1287 2792; x_wconf 83' lang='lat' dir='ltr'>Schneider·</span> 
     </span>
     <span class='ocr_line' id='line_1_16' title="bbox 147 2826 1288 2913; baseline 0.004 -23"><span class='ocrx_word' id='word_1_115' title='bbox 147 2826 297 2892; x_wconf 90' lang='lat' dir='ltr'>wirthius</span> <span class='ocrx_word' id='word_1_116' title='bbox 325 2827 359 2890; x_wconf 93' lang='lat' dir='ltr'>in</span> <span class='ocrx_word' id='word_1_117' title='bbox 387 2827 471 2893; x_wconf 93' lang='lat' dir='ltr'>libro</span> <span class='ocrx_word' id='word_1_118' title='bbox 503 2847 563 2893; x_wconf 88' lang='lat' dir='ltr'>suo</span> <span class='ocrx_word' id='word_1_119' title='bbox 595 2827 636 2893; x_wconf 92' lang='grc'>(16</span> <span class='ocrx_word' id='word_1_120' title='bbox 659 2827 769 2893; x_wconf 90' lang='lat' dir='ltr'>Rhodi</span> <span class='ocrx_word' id='word_1_121' title='bbox 798 2827 925 2894; x_wconf 91' lang='lat' dir='ltr'>insulae</span> <span class='ocrx_word' id='word_1_122' title='bbox 949 2827 1101 2913; x_wconf 88' lang='lat' dir='ltr'>historia,</span> <span class='ocrx_word' id='word_1_123' title='bbox 1127 2850 1223 2912; x_wconf 92' lang='lat' dir='ltr'>quem</span> <span class='ocrx_word' id='word_1_124' title='bbox 1246 2851 1288 2896; x_wconf 82' lang='lat' dir='ltr'>ex</span> 
     </span>
     <span class='ocr_line' id='line_1_17' title="bbox 148 2929 1287 3014; baseline 0.002 -20"><span class='ocrx_word' id='word_1_125' title='bbox 148 2950 257 2995; x_wconf 88' lang='lat' dir='ltr'>rerum</span> <span class='ocrx_word' id='word_1_126' title='bbox 285 2929 483 3013; x_wconf 88' lang='lat' dir='ltr'>scriptorum</span> <span class='ocrx_word' id='word_1_127' title='bbox 521 2929 667 2997; x_wconf 90' lang='lat' dir='ltr'>fontibus</span> <span class='ocrx_word' id='word_1_128' title='bbox 695 2930 860 2996; x_wconf 89' lang='lat' dir='ltr'>subtiliter</span> <span class='ocrx_word' id='word_1_129' title='bbox 889 2937 989 3014; x_wconf 89' lang='lat' dir='ltr'>atque</span> <span class='ocrx_word' id='word_1_130' title='bbox 1018 2938 1172 2998; x_wconf 87' lang='lat' dir='ltr'>accurate</span> <span class='ocrx_word' id='word_1_131' title='bbox 1202 2952 1287 2997; x_wconf 90' lang='lat' dir='ltr'>com-</span> 
     </span>
     <span class='ocr_line' id='line_1_18' title="bbox 148 3033 1287 3118; baseline 0.003 -20"><span class='ocrx_word' id='word_1_132' title='bbox 148 3033 266 3117; x_wconf 88' lang='lat' dir='ltr'>posuit,</span> <span class='ocrx_word' id='word_1_133' title='bbox 291 3052 489 3116; x_wconf 89' lang='lat' dir='ltr'>quamquam</span> <span class='ocrx_word' id='word_1_134' title='bbox 512 3034 571 3100; x_wconf 86' lang='lat' dir='ltr'>vix</span> <span class='ocrx_word' id='word_1_135' title='bbox 594 3037 691 3118; x_wconf 85' lang='lat' dir='ltr'>plura</span> <span class='ocrx_word' id='word_1_136' title='bbox 713 3033 823 3100; x_wconf 88' lang='lat' dir='ltr'>attulit</span> <span class='ocrx_word' id='word_1_137' title='bbox 844 3054 942 3117; x_wconf 90' lang='lat' dir='ltr'>quam</span> <span class='ocrx_word' id='word_1_138' title='bbox 959 3035 1162 3118; x_wconf 88' lang='lat' dir='ltr'>Paulsenius,</span> <span class='ocrx_word' id='word_1_139' title='bbox 1178 3041 1287 3103; x_wconf 90' lang='lat' dir='ltr'>tamen</span> 
     </span>
     <span class='ocr_line' id='line_1_19' title="bbox 146 3137 1288 3216; baseline 0.004 -16"><span class='ocrx_word' id='word_1_140' title='bbox 146 3138 308 3202; x_wconf 93' lang='lat' dir='ltr'>nonnulla</span> <span class='ocrx_word' id='word_1_141' title='bbox 336 3144 425 3203; x_wconf 90' lang='lat' dir='ltr'>recte</span> <span class='ocrx_word' id='word_1_142' title='bbox 449 3137 603 3204; x_wconf 89' lang='lat' dir='ltr'>coniecit.</span> <span class='ocrx_word' id='word_1_143' title='bbox 649 3138 776 3216; x_wconf 79' lang='lat' dir='ltr'>Quodsi</span> <span class='ocrx_word' id='word_1_144' title='bbox 800 3139 908 3206; x_wconf 93' lang='lat' dir='ltr'>denuo</span> <span class='ocrx_word' id='word_1_145' title='bbox 933 3139 978 3203; x_wconf 88' lang='lat' dir='ltr'>ad</span> <span class='ocrx_word' id='word_1_146' title='bbox 999 3139 1202 3205; x_wconf 87' lang='lat' dir='ltr'>Rhodiorum</span> <span class='ocrx_word' id='word_1_147' title='bbox 1225 3139 1288 3205; x_wconf 90' lang='lat' dir='ltr'>rei·</span> 
     </span>
     <span class='ocr_line' id='line_1_20' title="bbox 147 3238 1288 3327; baseline 0.005 -25"><span class='ocrx_word' id='word_1_148' title='bbox 147 3238 304 3322; x_wconf 93' lang='lat' dir='ltr'>publicae</span> <span class='ocrx_word' id='word_1_149' title='bbox 339 3238 478 3305; x_wconf 86' lang='lat' dir='ltr'>formam</span> <span class='ocrx_word' id='word_1_150' title='bbox 510 3239 761 3307; x_wconf 89' lang='lat' dir='ltr'>describendam</span> <span class='ocrx_word' id='word_1_151' title='bbox 789 3260 967 3325; x_wconf 84' lang='lat' dir='ltr'>aggressus</span> <span class='ocrx_word' id='word_1_152' title='bbox 996 3261 1083 3324; x_wconf 90' lang='lat' dir='ltr'>sum,</span> <span class='ocrx_word' id='word_1_153' title='bbox 1114 3248 1288 3327; x_wconf 87' lang='lat' dir='ltr'>propterea</span> 
     </span>
     <span class='ocr_line' id='line_1_21' title="bbox 147 3341 1288 3428; baseline 0.006 -24"><span class='ocrx_word' id='word_1_154' title='bbox 147 3341 229 3425; x_wconf 88' lang='lat' dir='ltr'>feci,</span> <span class='ocrx_word' id='word_1_155' title='bbox 259 3343 348 3426; x_wconf 93' lang='lat' dir='ltr'>quod</span> <span class='ocrx_word' id='word_1_156' title='bbox 376 3364 462 3409; x_wconf 92' lang='lat' dir='ltr'>nuno</span> <span class='ocrx_word' id='word_1_157' title='bbox 491 3343 571 3409; x_wconf 88' lang='lat' dir='ltr'>novi</span> <span class='ocrx_word' id='word_1_158' title='bbox 599 3343 688 3427; x_wconf 90' lang='lat' dir='ltr'>iique</span> <span class='ocrx_word' id='word_1_159' title='bbox 716 3345 789 3428; x_wconf 88' lang='lat' dir='ltr'>puri</span> <span class='ocrx_word' id='word_1_160' title='bbox 812 3345 920 3412; x_wconf 84' lang='lat' dir='ltr'>fontes</span> <span class='ocrx_word' id='word_1_161' title='bbox 942 3345 1149 3411; x_wconf 90' lang='lat' dir='ltr'>librariorum</span> <span class='ocrx_word' id='word_1_162' title='bbox 1172 3348 1288 3412; x_wconf 91' lang='lat' dir='ltr'>errori-</span> 
     </span>
     <span class='ocr_line' id='line_1_22' title="bbox 148 3443 1289 3532; baseline 0.006 -24"><span class='ocrx_word' id='word_1_163' title='bbox 148 3443 211 3523; x_wconf 90' lang='lat' dir='ltr'>bus</span> <span class='ocrx_word' id='word_1_164' title='bbox 240 3464 280 3510; x_wconf 90' lang='lat' dir='ltr'>ac</span> <span class='ocrx_word' id='word_1_165' title='bbox 304 3445 432 3511; x_wconf 91' lang='lat' dir='ltr'>mendis</span> <span class='ocrx_word' id='word_1_166' title='bbox 455 3447 589 3511; x_wconf 90' lang='lat' dir='ltr'>omnino</span> <span class='ocrx_word' id='word_1_167' title='bbox 612 3468 677 3512; x_wconf 93' lang='lat' dir='ltr'>non</span> <span class='ocrx_word' id='word_1_168' title='bbox 702 3448 825 3513; x_wconf 89' lang='lat' dir='ltr'>turbati</span> <span class='ocrx_word' id='word_1_169' title='bbox 847 3468 891 3514; x_wconf 88' lang='lat' dir='ltr'>cx</span> <span class='ocrx_word' id='word_1_170' title='bbox 913 3447 1182 3532; x_wconf 87' lang='lat' dir='ltr'>inscriptionibus</span> <span class='ocrx_word' id='word_1_171' title='bbox 1205 3450 1289 3516; x_wconf 91' lang='lat' dir='ltr'>Rho·</span> 
     </span>
     <span class='ocr_line' id='line_1_23' title="bbox 148 3545 1289 3636; baseline 0.005 -26"><span class='ocrx_word' id='word_1_172' title='bbox 148 3545 214 3613; x_wconf 91' lang='lat' dir='ltr'>diis</span> <span class='ocrx_word' id='word_1_173' title='bbox 237 3556 424 3632; x_wconf 87' lang='lat' dir='ltr'>suppetunt,</span> <span class='ocrx_word' id='word_1_174' title='bbox 449 3569 535 3632; x_wconf 89' lang='lat' dir='ltr'>qnae</span> <span class='ocrx_word' id='word_1_175' title='bbox 557 3555 674 3616; x_wconf 85' lang='lat' dir='ltr'>nostra</span> <span class='ocrx_word' id='word_1_176' title='bbox 694 3557 804 3618; x_wconf 88' lang='lat' dir='ltr'>aetate</span> <span class='ocrx_word' id='word_1_177' title='bbox 826 3553 1007 3634; x_wconf 89' lang='lat' dir='ltr'>permultae</span> <span class='ocrx_word' id='word_1_178' title='bbox 1030 3561 1182 3636; x_wconf 87' lang='lat' dir='ltr'>repertae</span> <span class='ocrx_word' id='word_1_179' title='bbox 1204 3562 1289 3620; x_wconf 89' lang='lat' dir='ltr'>sunt.</span> 
     </span>
     <span class='ocr_line' id='line_1_24' title="bbox 147 3650 1326 3746; baseline 0.006 -32"><span class='ocrx_word' id='word_1_180' title='bbox 147 3650 210 3717; x_wconf 90' lang='lat' dir='ltr'>His</span> <span class='ocrx_word' id='word_1_181' title='bbox 239 3651 326 3718; x_wconf 89' lang='lat' dir='ltr'>enim</span> <span class='ocrx_word' id='word_1_182' title='bbox 348 3653 618 3736; x_wconf 89' lang='lat' dir='ltr'>inscriptionibus</span> <span class='ocrx_word' id='word_1_183' title='bbox 641 3655 747 3738; x_wconf 76' lang='lat' dir='ltr'>adjuti</span> <span class='ocrx_word' id='word_1_184' title='bbox 769 3676 836 3721; x_wconf 95' lang='lat' dir='ltr'>non</span> <span class='ocrx_word' id='word_1_185' title='bbox 858 3655 956 3721; x_wconf 90' lang='lat' dir='ltr'>modo</span> <span class='ocrx_word' id='word_1_186' title='bbox 979 3675 1067 3720; x_wconf 87' lang='lat' dir='ltr'>nova</span> <span class='ocrx_word' id='word_1_187' title='bbox 1089 3656 1207 3724; x_wconf 86' lang='lat' dir='ltr'>afferre</span> <span class='ocrx_word' id='word_1_188' title='bbox 1230 3657 1290 3724; x_wconf 90' lang='lat' dir='ltr'>sed</span> <span class='ocrx_word' id='word_1_189' title='bbox 1323 3742 1326 3746; x_wconf 9' lang='grc' dir='ltr'><strong>Α</strong></span> 
     </span>
     <span class='ocr_line' id='line_1_25' title="bbox 146 3753 1290 3843; baseline 0.006 -24"><span class='ocrx_word' id='word_1_190' title='bbox 146 3753 250 3819; x_wconf 89' lang='lat' dir='ltr'>etiam</span> <span class='ocrx_word' id='word_1_191' title='bbox 280 3775 335 3838; x_wconf 88' lang='lat' dir='ltr'>ea,</span> <span class='ocrx_word' id='word_1_192' title='bbox 366 3775 451 3838; x_wconf 91' lang='lat' dir='ltr'>quae</span> <span class='ocrx_word' id='word_1_193' title='bbox 482 3777 636 3824; x_wconf 83' lang='lat' dir='ltr'>ararum</span> <span class='ocrx_word' id='word_1_194' title='bbox 659 3757 873 3842; x_wconf 88' lang='lat' dir='ltr'>scriptoribus</span> <span class='ocrx_word' id='word_1_195' title='bbox 895 3758 1018 3823; x_wconf 89' lang='lat' dir='ltr'>tradita</span> <span class='ocrx_word' id='word_1_196' title='bbox 1042 3767 1132 3843; x_wconf 86' lang='lat' dir='ltr'>sunt,</span> <span class='ocrx_word' id='word_1_197' title='bbox 1157 3759 1290 3826; x_wconf 82' lang='lat' dir='ltr'>facilius</span> 
     </span>
     <span class='ocr_line' id='line_1_26' title="bbox 146 3854 534 3941; baseline 0.008 -22"><span class='ocrx_word' id='word_1_198' title='bbox 146 3854 335 3941; x_wconf 83' lang='lat' dir='ltr'>intelligere</span> <span class='ocrx_word' id='word_1_199' title='bbox 358 3859 534 3941; x_wconf 89' lang='lat' dir='ltr'>potuimus.</span> 
     </span>
    </p>

    <p class='ocr_par' dir='ltr' id='par_1_5' title="bbox 146 3958 1290 4128">
     <span class='ocr_line' id='line_1_27' title="bbox 235 3958 1290 4046; baseline 0.008 -24"><span class='ocrx_word' id='word_1_200' title='bbox 235 3958 469 4043; x_wconf 87' lang='lat' dir='ltr'>Inscriptiones</span> <span class='ocrx_word' id='word_1_201' title='bbox 491 3961 657 4046; x_wconf 86' lang='lat' dir='ltr'>Rhodiae,</span> <span class='ocrx_word' id='word_1_202' title='bbox 687 3963 807 4046; x_wconf 91' lang='lat' dir='ltr'>quibus</span> <span class='ocrx_word' id='word_1_203' title='bbox 835 3982 913 4028; x_wconf 91' lang='lat' dir='ltr'>usus</span> <span class='ocrx_word' id='word_1_204' title='bbox 942 3982 1029 4046; x_wconf 86' lang='lat' dir='ltr'>sum,</span> <span class='ocrx_word' id='word_1_205' title='bbox 1059 3963 1093 4027; x_wconf 93' lang='lat' dir='ltr'>in</span> <span class='ocrx_word' id='word_1_206' title='bbox 1123 3963 1174 4030; x_wconf 90' lang='lat' dir='ltr'>his</span> <span class='ocrx_word' id='word_1_207' title='bbox 1195 3963 1290 4030; x_wconf 91' lang='lat' dir='ltr'>libris</span> 
     </span>
     <span class='ocr_line' id='line_1_28' title="bbox 146 4061 373 4128; baseline -0.004 0"><span class='ocrx_word' id='word_1_208' title='bbox 146 4061 259 4128; x_wconf 89' lang='lat' dir='ltr'>editae</span> <span class='ocrx_word' id='word_1_209' title='bbox 283 4069 373 4128; x_wconf 89' lang='lat' dir='ltr'>sunt:</span> 
     </span>
    </p>

    <p class='ocr_par' dir='ltr' id='par_1_6' title="bbox 238 4164 1172 4252">
     <span class='ocr_line' id='line_1_29' title="bbox 238 4164 1172 4252; baseline 0.001 -22"><span class='ocrx_word' id='word_1_210' title='bbox 238 4166 272 4248; x_wconf 83' lang='lat'>1)</span> <span class='ocrx_word' id='word_1_211' title='bbox 296 4164 422 4251; x_wconf 79' lang='lat' dir='ltr'>Corpus</span> <span class='ocrx_word' id='word_1_212' title='bbox 444 4167 699 4252; x_wconf 89' lang='lat' dir='ltr'>Inscriptionum</span> <span class='ocrx_word' id='word_1_213' title='bbox 723 4167 925 4235; x_wconf 80' lang='lat' dir='ltr'>Graecarum</span> <span class='ocrx_word' id='word_1_214' title='bbox 947 4167 1172 4234; x_wconf 78' lang='lat'>2524-2553,</span> 
     </span>
    </p>
   </div>
   <div class='ocr_carea' id='block_1_5' title="bbox 151 4285 360 4300">
    <p class='ocr_par' dir='ltr' id='par_1_7' title="bbox 151 4285 360 4300">
     <span class='ocr_line' id='line_1_30' title="bbox 151 4285 360 4300; baseline -0.01 0"><span class='ocrx_word' id='word_1_215' title='bbox 151 4285 360 4300; x_wconf 79' lang='lat'><em>--·-—·——</em></span> 
     </span>
    </p>
   </div>
   <div class='ocr_carea' id='block_1_6' title="bbox 220 4335 1133 4514">
    <p class='ocr_par' dir='ltr' id='par_1_8' title="bbox 220 4335 1133 4514">
     <span class='ocr_line' id='line_1_31' title="bbox 220 4335 1133 4479; baseline 0 -87"><span class='ocrx_word' id='word_1_216' title='bbox 220 4335 349 4479; x_wconf 58' lang='lat' dir='ltr'>ulmos</span> <span class='ocrx_word' id='word_1_217' title='bbox 368 4337 411 4406; x_wconf 79' lang='lat' dir='ltr'>ao,</span> <span class='ocrx_word' id='word_1_218' title='bbox 429 4339 472 4394; x_wconf 81' lang='lat' dir='ltr'>ar.</span> <span class='ocrx_word' id='word_1_219' title='bbox 1033 4339 1036 4349; x_wconf 79' lang='grc'><strong>’</strong></span> <span class='ocrx_word' id='word_1_220' title='bbox 1101 4337 1133 4414; x_wconf 63' lang='lat'>1⁹?</span> 
     </span>
     <span class='ocr_line' id='line_1_32' title="bbox 271 4425 285 4476; baseline 0 0"><span class='ocrx_word' id='word_1_221' title='bbox 271 4425 285 4476; x_wconf 72' lang='grc' dir='ltr'><em>ι</em></span> 
     </span>
     <span class='ocr_line' id='line_1_33' title="bbox 255 4481 271 4514; baseline 0 -5"><span class='ocrx_word' id='word_1_222' title='bbox 255 4481 271 4514; x_wconf 56' lang='lat' dir='ltr'>fl.</span> 
     </span>
    </p>
   </div>
   <div class='ocr_carea' id='block_1_7' title="bbox 0 0 1552 4874">
    <p class='ocr_par' dir='ltr' id='par_1_9' title="bbox 0 0 1552 4874">
     <span class='ocr_line' id='line_1_34' title="bbox 0 0 1552 4874; baseline 0 0"><span class='ocrx_word' id='word_1_223' title='bbox 0 0 1552 4874; x_wconf 95' lang='lat' dir='ltr'> </span> 
     </span>
    </p>
   </div>
  </div>
 </body>
</html>
