3096 4874
719 344 935 407 „13-

255 520 320 595 net,
345 513 493 580 Sallustii
515 517 624 597 locus,
648 535 712 598 quo
744 514 825 579 dicit
848 514 954 580 Rhodi
981 522 1015 582 et
1038 515 1157 582 divites
1180 523 1212 582 et
1234 535 1396 600 pauperes

250 617 389 699 judiciis
411 616 599 684 interfuisse
611 618 640 702 ¹).
670 617 782 684 Nihilo
799 625 909 686 autem
925 619 1031 686 minus
1042 604 1219 685 verisimile
1236 627 1285 686 est
1302 620 1395 686 ditio·

255 720 346 785 ribus
374 720 494 785 civium
523 723 619 803 plura
643 721 722 803 jura
745 720 847 787 fnisse
872 742 969 804 quam
992 722 1259 806 pauperioribus,
1284 744 1396 806 quam-

256 843 371 905 quam,
401 823 513 906 qualia
543 823 681 908 fuerint,
712 845 776 890 non
800 831 912 888 notum
938 833 1000 891 est:
1027 826 1166 892 forsitan
1191 827 1276 892 certi'
1293 828 1395 910 magi-

256 932 377 990 stratus
399 927 523 1008 publici
547 947 565 992 e
589 926 763 993 ditioribus
786 928 914 992 civibus
937 928 1155 1010 eligebantur.

525 1152 546 1234 ξ
569 1149 599 1219 7.
645 1149 870 1217 Rhodiorum
895 1151 1122 1234 σιινοικισμός.

260 1334 263 1339 -
341 1304 545 1371 Rhodiorum·
574 1306 779 1389 reipublicae
810 1305 929 1388 forma,
961 1308 1074 1388 qualis
1098 1306 1159 1372 fuit
1181 1307 1396 1373 Macedonica

256 1412 379 1487 aetate,
415 1407 519 1490 primo
554 1407 621 1472 illis
655 1407 856 1489 temporibus
890 1408 1022 1474 videtur
1061 1416 1132 1474 orta
1161 1430 1247 1491 esse,
1278 1410 1396 1494 quibus

256 1505 476 1574 Athenienses
517 1529 591 1574 eum
624 1508 896 1576 Lacedaemoniis
936 1511 977 1576 de
1014 1510 1176 1578 Graeciae
1211 1513 1396 1596 principatu

257 1607 437 1674 certabant.
484 1606 588 1683 Quem
612 1628 684 1672 cum
708 1609 839 1692 utrique
864 1609 1064 1690 amisissent,
1089 1617 1157 1674 tum
1180 1611 1316 1689 Rhodii,
1341 1613 1396 1695 qui

256 1711 425 1775 amborum
454 1710 583 1775 illorum
615 1711 757 1776 civitatis
788 1711 913 1777 formae
937 1734 1093 1795 generum
1116 1720 1148 1778 et
1172 1713 1342 1778 commoda
1365 1723 1396 1780 et

256 1811 464 1878 incommoda
489 1821 720 1897 cognoverant,
746 1834 824 1878 suae
850 1815 993 1880 civitatis
1015 1815 1150 1880 formam
1174 1815 1301 1882 scilicet
1324 1838 1395 1882 sen-

256 1917 317 1982 sim
333 1917 516 2001 sensimque
532 1918 579 1982 ita
594 1916 826 1996 instituebant,
851 1923 886 1980 ut
904 1916 1027 1998 optima
1039 1936 1189 1999 quaeque
1203 1939 1246 1982 ex
1258 1926 1396 2001 utraque

256 2022 388 2086 illarum
414 2022 521 2087 electa
543 2021 576 2084 in
600 2041 672 2086 eam
696 2017 918 2084 transferrent.

342 2123 392 2188 Ac
421 2123 562 2206 primum
592 2122 725 2205 quidem
755 2120 788 2186 in
821 2141 927 2187 rerum
957 2139 1131 2204 progressu
1161 2121 1254 2203 quasi
1277 2122 1395 2204 princi·

256 2227 346 2310 pium
369 2225 571 2291 Rhodiorum
599 2227 633 2290 in
662 2247 761 2290 unam
790 2226 902 2290 urbem
932 2227 1117 2297 σιινοίκισις
1147 2224 1222 2289 fuit.
1275 2223 1396 2290 Rhodii

257 2327 353 2411 enim,
379 2349 451 2394 oum
475 2336 574 2395 antea
596 2329 630 2393 in
653 2328 758 2394 tribus
781 2327 847 2392 illis
869 2328 996 2393 insulae
1020 2327 1156 2392 urbibus
1179 2327 1284 2410 sparsi
1308 2327 1396 2392 vive·

257 2439 344 2514 rent,
374 2437 407 2497 et
429 2429 565 2513 majoris
595 2431 782 2496 securitatis
813 2449 928 2510 causa,
955 2436 987 2494 et
1009 2436 1044 2495 ut
1069 2428 1250 2512 conjunctis
1273 2429 1398 2496 viribus

256 2535 405 2601 hostibus
429 2532 560 2597 facilius
585 2535 681 2598 resist
685 2554 738 2598 ere
763 2538 904 2614 possent,
928 2553 958 2595 a.
983 2552 1012 2595 a.
1032 2531 1105 2596 Chr
1123 2553 1153 2595 n.
1170 2533 1259 2596 407
1251 2553 1408 2613 munam¹

257 2638 372 2701 urbem
402 2635 700 2716 commigraverunt
710 2633 744 2718 2.)
796 2632 1004 2716 Quamquam
1027 2654 1114 2698 nova
1137 2635 1245 2700 urbs
1237 2635 1398 2718 imprimis

258 2738 424 2804 nobilibus
448 2735 639 2802 auctoribus
664 2735 798 2801 condita
822 2741 909 2817 erat,
927 2742 1046 2818 tamen,
1072 2744 1107 2801 ut
1129 2736 1201 2803 fieri
1217 2739 1369 2804 solebat'
1333 2745 1396 2802 trn

260 2819 410 2906 omnibus
434 2839 503 2906 fere
521 2838 683 2905 Graeciae
709 2846 945 2922 σιινοικισμοῖς,
963 2860 1041 2905 mox
1057 2847 1131 2922 post
1153 2844 1256 2906 multa
1271 2842 1398 2908 scilicet

207 3015 210 3020 ,
259 2943 439 3009 factionum
462 2941 642 3008 certamina
657 2943 830 3026 imperium
848 2943 981 3008 videtur
996 2943 1040 3008 ad
1057 2946 1213 3028 populum
1232 2945 1397 3030 venissel),

259 3068 279 3112 a
314 3067 377 3129 quo
410 3045 560 3109 instituta
586 3044 646 3108 illa
674 3045 849 3127 popularia
879 3047 969 3110 velut
999 3046 1117 3110 civium
1148 3045 1342 3113 divisionem
1364 3047 1399 3110 in

260 3152 392 3222 κτοίνας
416 3154 584 3229 totamque
608 3146 657 3213 rei
681 3145 833 3244 publicae
858 3146 994 3212 formam
1016 3153 1083 3212 tum
1102 3149 1310 3215 constitutam
1326 3169 1398 3216 esse

260 3256 516 3318 consentaneum
550 3257 608 3316 est
654 3234 752 3325 Quod
781 3249 944 3331 quomodo
975 3250 1028 3316 vel
1051 3271 1115 3334 quo
1139 3252 1311 3320 ordinem
1335 3253 1399 3318 sin-

259 3356 346 3438 gulis
364 3353 498 3419 factum
522 3354 581 3436 sit,
606 3353 836 3419 deficientibus
858 3351 997 3418 testibus
1021 3353 1086 3418 dici
1110 3354 1169 3420 vix
1191 3356 1303 3438 possit.
1348 3343 1400 3420 Ne

261 3480 300 3526 ea
322 3461 396 3543 ipsa
420 3457 552 3542 quidem
577 3457 738 3540 quaestio,
764 3475 862 3538 quam
885 3441 947 3522 hac
970 3458 1206 3541 paragraphot
1207 3465 1276 3523 raet
1263 3459 1400 3522 landam

260 3561 338 3627 mihi
361 3560 528 3644 proposui,
554 3580 640 3643 quae
664 3560 748 3626 ratio
773 3559 935 3625 fueriti
886 3565 935 3623 rnt
937 3580 1102 3624 ernovam
1118 3559 1269 3629 Rhodum
1285 3561 1400 3627 urbem

260 3672 293 3732 et
316 3671 445 3730 veteres
467 3653 544 3729 illas
567 3663 697 3728 insulae
721 3662 888 3740 civitates,
912 3661 992 3728 satis
1016 3663 1191 3746 perspicua
1214 3671 1272 3730 est.
1307 3664 1401 3741 Quae

262 3769 303 3835 de
332 3767 394 3832 hac
418 3788 453 3833 re
478 3765 543 3830 dici
567 3772 720 3850 possunt,
746 3784 943 3848 quamquam
966 3764 1143 3830 admodum
1167 3767 1292 3832 incerta
1315 3763 1401 3849 sunt,

259 3879 369 3936 tamen
397 3869 434 3932 id
461 3868 607 3952 quidem*
623 3867 805 3933 verisimile
834 3867 981 3960 uidetur,
1014 3868 1103 3950 quod
1131 3868 1245 3934 Rossio
1270 3888 1406 3952 quoque-

261 3993 454 4118 persuasum
478 3970 578 4038 fuisse
595 3971 706 4051 video,
731 3976 835 4038 totam
858 3972 999 4036 insulam
1023 3991 1122 4036 unam
1142 3972 1296 4037 habuisse
1319 3993 1402 4038 rem-

332 4176 359 4246 1)
381 4175 495 4241 Sallust,
515 4175 549 4229 de
562 4190 628 4242 rep.
649 4174 774 4246 ardep.
793 4174 817 4228 2.

330 4262 359 4328 2)
378 4260 461 4316 Diod.
481 4260 560 4327 Xlll,
581 4262 622 4316 75.

273 4387 275 4391 ⁴
330 4346 359 4414 3)
378 4344 566 4401 Schneiderw.
588 4362 616 4415 p.
635 4344 676 4399 23.
