3096 4874
619 361 833 424 -ῃ-

154 536 331 619 μετοίκων.
377 530 451 608 Qua
480 550 524 596 ex
552 549 721 596 servorum
748 528 960 595 multitudine
982 537 1018 595 ut
1039 528 1296 597 Atheniensibus

155 640 204 705 ite
226 635 366 704 Rhodiis
395 653 525 717 quoqne
554 632 735 716 perieulum
765 630 957 714 praesertim
985 631 1065 700 belli
1094 635 1297 717 temporibus

156 750 263 809 ortum
292 759 365 806 esse
387 737 532 804 maxime
555 736 732 804 verisimile
756 743 821 802 est:
856 735 1051 802 seditionem
1074 736 1208 819 quidem
1231 758 1297 804 ser·

156 867 273 913 vorum
286 843 396 910 Rhodi
419 842 540 908 factam
563 859 635 907 esse
658 839 841 906 confirmari
865 839 994 908 videtur
1007 842 1104 906 titulo
1120 840 1296 926 Rhodi01).

156 949 243 1014 Item
265 944 423 1028 Rhodios,
449 963 522 1009 eum
545 940 624 1008 urbs
646 962 676 1007 a.
701 962 732 1007 a.
749 941 823 1007 Chr.
847 964 877 1008 n.
894 943 956 1008 307
971 963 992 1007 a
1007 942 1173 1008 Demetrio
1196 964 1298 1027 oppu-

158 1058 331 1134 gnaretur,
361 1047 466 1114 servis
489 1045 656 1112 civitatem
680 1045 830 1128 aliosque
853 1045 994 1112 honores
1016 1046 1072 1110 vix
1096 1047 1297 1112 concessisse

160 1155 359 1238 putaverim,
382 1150 446 1216 nisi
469 1149 637 1227 timerent,
668 1168 710 1213 ne
734 1149 821 1213 servi
843 1148 958 1215 urbem
981 1148 1173 1232 proderent,
1203 1170 1297 1232 prae·

159 1258 271 1325 sertim
306 1274 378 1320 curn
412 1251 611 1336 peregrinis,
646 1251 702 1333 qui
737 1252 817 1316 item
851 1271 942 1316 anne
977 1252 1156 1336 cepissent,
1196 1252 1297 1318 iidem

160 1364 300 1427 honores
321 1379 387 1424 non
411 1355 620 1439 contigerint.

246 1460 319 1525 Hoc
342 1465 450 1525 autem
466 1456 656 1542 perieulum,
680 1454 769 1538 quod
785 1454 903 1536 cuique
920 1454 1081 1522 Graeciae
1097 1456 1298 1539 reipublicae

162 1583 205 1630 ex
234 1581 400 1629 servorum
428 1558 637 1650 multitudine
668 1558 849 1641 oriebatur,
879 1558 1039 1624 minutum
1068 1559 1198 1627 videtur
1228 1579 1299 1627 esse

161 1666 313 1741 cautione
342 1667 416 1746 illa,
452 1684 550 1746 quam
579 1669 613 1728 et
641 1662 735 1727 Plato
764 1668 797 1728 et
824 1661 1018 1728 Aristoteles
1046 1669 1079 1729 ct
1107 1664 1240 1747 publice
1267 1671 1300 1730 et

160 1768 314 1854 privatim
347 1766 520 1849 insigniter
553 1764 831 1851 commendant2),
868 1785 909 1831 ne
944 1767 1151 1849 popularium
1180 1767 1300 1832 nimius

162 1874 248 1937 inter
276 1870 401 1938 servos
417 1890 569 1936 numerus
598 1877 684 1937 esset
713 1869 872 1936 eodemne
901 1870 1057 1934 sermonis
1085 1889 1206 1952 genere
1229 1878 1299 1937 ute·

162 1980 284 2040 rentur.
323 1971 419 2050 Quod
441 1972 711 2056 philosophorum
733 1977 954 2055 praeceptum,
980 1973 1185 2054 quambene
1209 1974 1300 2058 apud

161 2077 307 2145 Rhodios
330 2075 538 2142 observatum
561 2075 613 2158 sit,
638 2095 681 2141 ox
696 2074 899 2141 Rhodiorum
914 2095 1082 2142 servorum
1098 2077 1242 2143 numeris
1256 2076 1300 2142 ed

160 2182 224 2246 hue
247 2178 466 2263 cognitorum,
492 2197 574 2259 quos
596 2196 697 2259 supra
719 2177 975 2260 composuimus,
1000 2178 1127 2261 liquido
1151 2186 1299 2264 apparet,

162 2304 234 2350 curn
256 2281 459 2348 Rhodiorum
488 2280 576 2346 servi
604 2280 751 2364 undique
780 2289 941 2346 terrarum
965 2282 1096 2347 oriundi
1120 2282 1222 2350 fuisse
1245 2303 1300 2348 ne·

138 2429 140 2434 -
164 2408 226 2471 que
249 2386 347 2452 ullius
367 2393 477 2452 terrae
500 2385 588 2450 servi
611 2390 737 2451 ceteros
761 2404 895 2450 numero
918 2404 1093 2468 superasse
1116 2385 1298 2453 videantur.

247 2488 398 2556 Ueterum
428 2507 596 2554 servorum
619 2486 709 2570 apud
733 2486 880 2553 Rhodios
904 2486 1130 2555 condicionem
1152 2509 1219 2555 non
1242 2491 1299 2554 mi·

159 2614 221 2659 nus
257 2610 397 2675 aequam
432 2589 533 2656 fuisse
569 2589 728 2657 credibile
763 2597 828 2669 est,
863 2610 961 2673 quam
995 2609 1080 2670 quae
1115 2590 1177 2657 fuit
1210 2592 1300 2675 apud

159 2695 388 2775 Athenienses,
413 2709 550 2788 quorum
573 2695 626 2759 vel
649 2692 750 2758 nimia
765 2692 799 2757 in
815 2712 927 2759 servos
942 2694 1063 2759 lenitas
1079 2700 1178 2812 atque
1193 2694 1300 2778 indui·

162 2800 273 2882 gentio
295 2797 376 2864 satis
398 2803 497 2862 notae
521 2804 605 2861 sunt.

542 2984 564 3068 g
587 2981 618 3046 4.
663 2981 715 3047 lie
739 2981 924 3049 tribubus.

168 3123 171 3136 '
249 3127 322 3193 Jam
354 3131 390 3190 ut
419 3125 460 3190 de
491 3124 593 3188 variis
621 3122 803 3188 rationibus
827 3114 989 3207 ditamus,
1019 3124 1137 3207 quihus
1159 3127 1300 3207 populus

160 3232 192 3296 in
222 3229 370 3313 singulus
399 3234 510 3312 partes
534 3225 761 3308 dividebatur,
792 3227 1019 3310 antiquissima
1042 3228 1156 3312 populi
1180 3227 1298 3294 divisio

157 3341 193 3398 ut
216 3331 307 3417 apud
330 3340 456 3398 ceteros
479 3329 624 3396 Graecos
648 3329 695 3394 ita
725 3329 816 3413 apud
832 3330 982 3396 Rhodios
1005 3350 1136 3414 quoque
1166 3352 1205 3397 ea
1227 3331 1297 3414 fuit,

159 3456 227 3519 que
248 3436 365 3500 civitas
388 3437 421 3499 in
445 3431 552 3516 φυλάς
568 3432 589 3496 i.
607 3452 635 3496 e.
652 3432 685 3495 in
703 3431 807 3496 tribus
823 3433 999 3498 distributa
1015 3441 1094 3499 eret.
1140 3435 1299 3499 Tribuum

159 3539 249 3621 apud
278 3537 424 3603 Rhodios
457 3557 519 3602 nee
550 3536 591 3602 de
619 3533 806 3600 nominibus
835 3555 896 3600 nee
927 3536 968 3602 de
996 3555 1131 3622 numero
1162 3543 1298 3602 constat.

158 3643 240 3708 'I'res
269 3641 403 3724 quidem
432 3640 508 3704 illas
538 3640 643 3705 tribus
665 3638 818 3719 Dorieas,
850 3657 934 3720 quae
958 3647 1051 3706 erant
1074 3641 1107 3704 in
1130 3641 1298 3723 plerisque

157 3737 257 3811 rebu's
280 3743 422 3828 publicis
445 3743 585 3826 Derieis,
610 3743 848 3828 antiquissimis
872 3743 1072 3827 temporibus
1087 3742 1196 3808 Rhodi
1221 3762 1298 3825 quo·

159 3868 222 3931 que
253 3846 355 3913 fuisse
386 3866 459 3912 oum
488 3867 531 3912 ex
554 3846 688 3912 Homeri
717 3845 825 3931 loco³)
855 3855 923 3911 tum
947 3867 989 3914 ex
1013 3845 1117 3911 titulis
1141 3845 1243 3913 Gelae
1267 3852 1299 3910 et

158 3949 383 4034 Agrigentii),
414 3970 499 4033 quas
528 3951 625 4016 urbes
655 3951 803 4016 colonias
831 3970 904 4016 esse
935 3953 1062 4015 constet
1092 3947 1253 4014 deductas
1280 3969 1300 4011 a

227 4121 503 4190 missenensis

227 4207 256 4277 2)
275 4206 362 4264 Arist
382 4161 532 4262 Oeconom.
553 4207 578 4275 1,
597 4208 627 4276 5;
646 4207 754 4262 Platon.
774 4208 848 4274 legg.
868 4205 919 4272 vi,
940 4206 999 4260 111.

227 4290 542 4361 3)Hom.1111,668.

226 4377 661 4448 smmmmm
