<?xml version="1.0" encoding="UTF-8"?>
<!DOCTYPE html PUBLIC "-//W3C//DTD XHTML 1.0 Transitional//EN"
    "http://www.w3.org/TR/xhtml1/DTD/xhtml1-transitional.dtd">
<html xmlns="http://www.w3.org/1999/xhtml" xml:lang="en" lang="en">
 <head>
  <title>
</title>
<meta http-equiv="Content-Type" content="text/html;charset=utf-8" />
  <meta name='ocr-system' content='tesseract 3.04.00' />
  <meta name='ocr-capabilities' content='ocr_page ocr_carea ocr_par ocr_line ocrx_word'/>
</head>
<body>
  <div class='ocr_page' id='page_1' title='image "./derepublicarhod00bottgoog_0027.png"; bbox 0 0 3096 4874; ppageno 0'>
   <div class='ocr_carea' id='block_1_1' title="bbox 740 339 955 404">
    <p class='ocr_par' dir='ltr' id='par_1_1' title="bbox 740 339 955 404">
     <span class='ocr_line' id='line_1_1' title="bbox 740 339 955 404; baseline -0.005 -17"><span class='ocrx_word' id='word_1_1' title='bbox 740 339 955 404; x_wconf 67' lang='lat'>„20-</span> 
     </span>
    </p>
   </div>
   <div class='ocr_carea' id='block_1_2' title="bbox 221 511 1420 1629">
    <p class='ocr_par' dir='ltr' id='par_1_2' title="bbox 221 511 1420 1629">
     <span class='ocr_line' id='line_1_2' title="bbox 283 511 1415 599; baseline 0 -23"><span class='ocrx_word' id='word_1_2' title='bbox 283 536 351 587; x_wconf 82' lang='grc' dir='ltr'><strong>πας</strong></span> <span class='ocrx_word' id='word_1_3' title='bbox 387 511 491 595; x_wconf 88' lang='grc' dir='ltr'><em>δᾶμος</em></span> <span class='ocrx_word' id='word_1_4' title='bbox 527 520 559 580; x_wconf 91' lang='lat' dir='ltr'><strong>et</strong></span> <span class='ocrx_word' id='word_1_5' title='bbox 595 511 716 578; x_wconf 83' lang='lat' dir='ltr'><strong>similia</strong></span> <span class='ocrx_word' id='word_1_6' title='bbox 745 511 786 576; x_wconf 91' lang='lat' dir='ltr'><strong>de</strong></span> <span class='ocrx_word' id='word_1_7' title='bbox 816 512 967 576; x_wconf 91' lang='lat' dir='ltr'><strong>omnibus</strong></span> <span class='ocrx_word' id='word_1_8' title='bbox 996 511 1134 577; x_wconf 86' lang='lat' dir='ltr'><strong>Rhodiis</strong></span> <span class='ocrx_word' id='word_1_9' title='bbox 1161 519 1319 599; x_wconf 88' lang='lat' dir='ltr'><strong>usurpata</strong></span> <span class='ocrx_word' id='word_1_10' title='bbox 1347 531 1415 577; x_wconf 88' lang='lat' dir='ltr'><strong>esse</strong></span> 
     </span>
     <span class='ocr_line' id='line_1_3' title="bbox 283 613 1415 698; baseline -0.003 -19"><span class='ocrx_word' id='word_1_11' title='bbox 283 615 405 697; x_wconf 74' lang='lat' dir='ltr'><strong>dioit1).</strong></span> <span class='ocrx_word' id='word_1_12' title='bbox 437 613 543 698; x_wconf 82' lang='lat' dir='ltr'><strong>Quod,</strong></span> <span class='ocrx_word' id='word_1_13' title='bbox 568 613 678 680; x_wconf 84' lang='lat' dir='ltr'><strong>neseio</strong></span> <span class='ocrx_word' id='word_1_14' title='bbox 703 633 766 696; x_wconf 88' lang='lat' dir='ltr'><strong>quo</strong></span> <span class='ocrx_word' id='word_1_15' title='bbox 785 614 870 696; x_wconf 88' lang='lat' dir='ltr'><strong>jure,</strong></span> <span class='ocrx_word' id='word_1_16' title='bbox 887 615 1068 680; x_wconf 80' lang='lat' dir='ltr'><strong>Fouoartus</strong></span> <span class='ocrx_word' id='word_1_17' title='bbox 1081 613 1198 679; x_wconf 85' lang='lat' dir='ltr'><strong>falsum</strong></span> <span class='ocrx_word' id='word_1_18' title='bbox 1215 633 1286 680; x_wconf 85' lang='lat' dir='ltr'><strong>esse</strong></span> <span class='ocrx_word' id='word_1_19' title='bbox 1305 613 1415 698; x_wconf 74' lang='lat' dir='ltr'><strong>vult2).</strong></span> 
     </span>
     <span class='ocr_line' id='line_1_4' title="bbox 283 714 1417 800; baseline -0.003 -17"><span class='ocrx_word' id='word_1_20' title='bbox 283 717 410 796; x_wconf 78' lang='lat' dir='ltr'><strong>Quodsi</strong></span> <span class='ocrx_word' id='word_1_21' title='bbox 437 717 471 781; x_wconf 89' lang='lat' dir='ltr'><strong>in</strong></span> <span class='ocrx_word' id='word_1_22' title='bbox 501 716 770 800; x_wconf 81' lang='lat' dir='ltr'><strong>inscriptionibus</strong></span> <span class='ocrx_word' id='word_1_23' title='bbox 810 718 976 783; x_wconf 74' lang='lat' dir='ltr'><strong>nonnullis</strong></span> <span class='ocrx_word' id='word_1_24' title='bbox 1005 718 1125 800; x_wconf 84' lang='lat' dir='ltr'><strong>legitur</strong></span> <span class='ocrx_word' id='word_1_25' title='bbox 1155 716 1259 800; x_wconf 89' lang='grc' dir='ltr'><em>δᾶμος</em></span> <span class='ocrx_word' id='word_1_26' title='bbox 1289 714 1307 781; x_wconf 84' lang='grc' dir='ltr'><em>δ</em></span> <span class='ocrx_word' id='word_1_27' title='bbox 1336 722 1417 781; x_wconf 81' lang='grc' dir='ltr'><em>Λιν-</em></span> 
     </span>
     <span class='ocr_line' id='line_1_5' title="bbox 283 816 1416 904; baseline 0 -20"><span class='ocrx_word' id='word_1_28' title='bbox 283 817 503 903; x_wconf 58' lang='lat' dir='ltr'><strong>donativum)</strong></span> <span class='ocrx_word' id='word_1_29' title='bbox 528 821 582 886; x_wconf 86' lang='lat' dir='ltr'><strong>vol</strong></span> <span class='ocrx_word' id='word_1_30' title='bbox 606 816 710 901; x_wconf 83' lang='grc' dir='ltr'><em>δᾶμος</em></span> <span class='ocrx_word' id='word_1_31' title='bbox 734 816 976 904; x_wconf 59' lang='lat' dir='ltr'><strong>literarium),</strong></span> <span class='ocrx_word' id='word_1_32' title='bbox 994 817 1098 902; x_wconf 84' lang='grc' dir='ltr'><em>δᾶμος</em></span> <span class='ocrx_word' id='word_1_33' title='bbox 1113 820 1148 884; x_wconf 90' lang='lat' dir='ltr'><strong>in</strong></span> <span class='ocrx_word' id='word_1_34' title='bbox 1163 820 1214 885; x_wconf 84' lang='lat' dir='ltr'><strong>his</strong></span> <span class='ocrx_word' id='word_1_35' title='bbox 1228 821 1332 886; x_wconf 82' lang='lat' dir='ltr'><strong>titulis</strong></span> <span class='ocrx_word' id='word_1_36' title='bbox 1354 841 1416 886; x_wconf 91' lang='lat' dir='ltr'><strong>non</strong></span> 
     </span>
     <span class='ocr_line' id='line_1_6' title="bbox 282 922 1416 1008; baseline -0.002 -19"><span class='ocrx_word' id='word_1_37' title='bbox 282 925 437 1008; x_wconf 91' lang='lat' dir='ltr'><strong>populum</strong></span> <span class='ocrx_word' id='word_1_38' title='bbox 468 922 632 1006; x_wconf 83' lang='lat' dir='ltr'><strong>signifieat</strong></span> <span class='ocrx_word' id='word_1_39' title='bbox 660 923 720 988; x_wconf 86' lang='lat' dir='ltr'><strong>sed</strong></span> <span class='ocrx_word' id='word_1_40' title='bbox 742 942 880 1006; x_wconf 85' lang='lat' dir='ltr'><strong>pagum,</strong></span> <span class='ocrx_word' id='word_1_41' title='bbox 912 943 997 1007; x_wconf 90' lang='lat' dir='ltr'><strong>quae</strong></span> <span class='ocrx_word' id='word_1_42' title='bbox 1020 924 1111 989; x_wconf 90' lang='lat' dir='ltr'><strong>voois</strong></span> <span class='ocrx_word' id='word_1_43' title='bbox 1134 922 1331 1008; x_wconf 82' lang='lat' dir='ltr'><strong>significatio</strong></span> <span class='ocrx_word' id='word_1_44' title='bbox 1354 924 1416 988; x_wconf 90' lang='lat' dir='ltr'><strong>usi·</strong></span> 
     </span>
     <span class='ocr_line' id='line_1_7' title="bbox 281 1025 1416 1111; baseline -0.001 -20"><span class='ocrx_word' id='word_1_45' title='bbox 281 1033 351 1092; x_wconf 87' lang='lat' dir='ltr'><strong>tata</strong></span> <span class='ocrx_word' id='word_1_46' title='bbox 380 1047 419 1092; x_wconf 89' lang='lat' dir='ltr'><strong>ao</strong></span> <span class='ocrx_word' id='word_1_47' title='bbox 448 1027 526 1091; x_wconf 88' lang='lat' dir='ltr'><strong>trita</strong></span> <span class='ocrx_word' id='word_1_48' title='bbox 554 1033 603 1093; x_wconf 84' lang='lat' dir='ltr'><strong>est</strong></span> <span class='ocrx_word' id='word_1_49' title='bbox 633 1033 666 1092; x_wconf 85' lang='lat' dir='ltr'><strong>et</strong></span> <span class='ocrx_word' id='word_1_50' title='bbox 687 1026 720 1090; x_wconf 94' lang='lat' dir='ltr'><strong>in</strong></span> <span class='ocrx_word' id='word_1_51' title='bbox 744 1025 840 1092; x_wconf 90' lang='lat' dir='ltr'><strong>titulo</strong></span> <span class='ocrx_word' id='word_1_52' title='bbox 863 1027 921 1092; x_wconf 94' lang='lat' dir='ltr'><strong>illo</strong></span> <span class='ocrx_word' id='word_1_53' title='bbox 943 1027 1092 1109; x_wconf 74' lang='lat' dir='ltr'><strong>Lindio⁵l</strong></span> <span class='ocrx_word' id='word_1_54' title='bbox 1116 1025 1195 1093; x_wconf 90' lang='lat' dir='ltr'><strong>inde</strong></span> <span class='ocrx_word' id='word_1_55' title='bbox 1218 1047 1348 1111; x_wconf 87' lang='lat' dir='ltr'><strong>quoque</strong></span> <span class='ocrx_word' id='word_1_56' title='bbox 1371 1028 1416 1090; x_wconf 92' lang='lat' dir='ltr'><strong>in-</strong></span> 
     </span>
     <span class='ocr_line' id='line_1_8' title="bbox 281 1125 1417 1214; baseline 0.001 -21"><span class='ocrx_word' id='word_1_57' title='bbox 281 1128 449 1212; x_wconf 87' lang='lat' dir='ltr'><strong>telligitur,</strong></span> <span class='ocrx_word' id='word_1_58' title='bbox 475 1128 563 1208; x_wconf 89' lang='lat' dir='ltr'><strong>quod</strong></span> <span class='ocrx_word' id='word_1_59' title='bbox 586 1128 693 1194; x_wconf 87' lang='lat' dir='ltr'><strong>verbis</strong></span> <span class='ocrx_word' id='word_1_60' title='bbox 718 1125 823 1210; x_wconf 86' lang='grc' dir='ltr'><em>δᾶμος</em></span> <span class='ocrx_word' id='word_1_61' title='bbox 847 1126 865 1194; x_wconf 81' lang='grc' dir='ltr'>ὁ</span> <span class='ocrx_word' id='word_1_62' title='bbox 887 1127 1147 1194; x_wconf 79' lang='grc' dir='ltr'><em>Λινδοπολιιᾶν</em></span> <span class='ocrx_word' id='word_1_63' title='bbox 1171 1129 1323 1214; x_wconf 88' lang='lat' dir='ltr'><strong>opposita</strong></span> <span class='ocrx_word' id='word_1_64' title='bbox 1345 1137 1417 1195; x_wconf 88' lang='lat' dir='ltr'><strong>sunt</strong></span> 
     </span>
     <span class='ocr_line' id='line_1_9' title="bbox 281 1229 1418 1318; baseline 0.001 -23"><span class='ocrx_word' id='word_1_65' title='bbox 281 1233 383 1299; x_wconf 88' lang='lat' dir='ltr'><strong>verba</strong></span> <span class='ocrx_word' id='word_1_66' title='bbox 412 1229 528 1315; x_wconf 82' lang='grc' dir='ltr'><em>πᾶιροι</em></span> <span class='ocrx_word' id='word_1_67' title='bbox 553 1229 574 1294; x_wconf 76' lang='lat' dir='ltr'><strong>oi</strong></span> <span class='ocrx_word' id='word_1_68' title='bbox 596 1231 756 1318; x_wconf 83' lang='grc' dir='ltr'><em>Δροιιᾶν.</em></span> <span class='ocrx_word' id='word_1_69' title='bbox 801 1233 922 1299; x_wconf 86' lang='lat' dir='ltr'><strong>Verum</strong></span> <span class='ocrx_word' id='word_1_70' title='bbox 946 1235 1032 1300; x_wconf 89' lang='lat' dir='ltr'><strong>enim</strong></span> <span class='ocrx_word' id='word_1_71' title='bbox 1056 1253 1131 1300; x_wconf 87' lang='lat' dir='ltr'><strong>vero</strong></span> <span class='ocrx_word' id='word_1_72' title='bbox 1155 1252 1316 1316; x_wconf 83' lang='lat' dir='ltr'><strong>nusquam</strong></span> <span class='ocrx_word' id='word_1_73' title='bbox 1340 1234 1418 1316; x_wconf 82' lang='lat' dir='ltr'><strong>legi-</strong></span> 
     </span>
     <span class='ocr_line' id='line_1_10' title="bbox 221 1324 1419 1421; baseline 0.001 -23"><span class='ocrx_word' id='word_1_74' title='bbox 221 1324 225 1330; x_wconf 53' lang='grc'>’</span> <span class='ocrx_word' id='word_1_75' title='bbox 262 1333 333 1399; x_wconf 58' lang='lat' dir='ltr'><strong>&#39;tur</strong></span> <span class='ocrx_word' id='word_1_76' title='bbox 356 1331 461 1415; x_wconf 77' lang='grc' dir='ltr'><em>δᾶμος</em></span> <span class='ocrx_word' id='word_1_77' title='bbox 486 1332 675 1399; x_wconf 81' lang='grc' dir='ltr'><em>δΛινδίωιι</em></span> <span class='ocrx_word' id='word_1_78' title='bbox 699 1341 755 1400; x_wconf 85' lang='lat' dir='ltr'><strong>aut</strong></span> <span class='ocrx_word' id='word_1_79' title='bbox 774 1331 953 1399; x_wconf 81' lang='grc' dir='ltr'><em>Ἰαλυσίοιν</em></span> <span class='ocrx_word' id='word_1_80' title='bbox 977 1344 1033 1402; x_wconf 81' lang='lat' dir='ltr'><strong>aut</strong></span> <span class='ocrx_word' id='word_1_81' title='bbox 1056 1339 1233 1421; x_wconf 79' lang='grc' dir='ltr'><em>Καμιρέοιν</em></span> <span class='ocrx_word' id='word_1_82' title='bbox 1256 1337 1315 1403; x_wconf 88' lang='lat' dir='ltr'><strong>sed</strong></span> <span class='ocrx_word' id='word_1_83' title='bbox 1337 1339 1419 1399; x_wconf 79' lang='lat' dir='ltr'><strong>Ao-</strong></span> 
     </span>
     <span class='ocr_line' id='line_1_11' title="bbox 282 1435 1418 1525; baseline 0.003 -25"><span class='ocrx_word' id='word_1_84' title='bbox 282 1437 367 1521; x_wconf 70' lang='lat' dir='ltr'><strong>olor,-</strong></span> <span class='ocrx_word' id='word_1_85' title='bbox 393 1435 575 1516; x_wconf 81' lang='grc' dir='ltr'><em>Ἰαλύσιοι,</em></span> <span class='ocrx_word' id='word_1_86' title='bbox 599 1443 758 1525; x_wconf 81' lang='grc' dir='ltr'><em>Κοιμρεῖς,</em></span> <span class='ocrx_word' id='word_1_87' title='bbox 792 1441 846 1507; x_wconf 85' lang='lat' dir='ltr'><strong>vol</strong></span> <span class='ocrx_word' id='word_1_88' title='bbox 874 1441 911 1503; x_wconf 79' lang='grc' dir='ltr'><strong>τὸ</strong></span> <span class='ocrx_word' id='word_1_89' title='bbox 944 1439 1076 1524; x_wconf 63' lang='grc' dir='ltr'><em>πλῆθος</em></span> <span class='ocrx_word' id='word_1_90' title='bbox 1105 1441 1142 1504; x_wconf 82' lang='grc' dir='ltr'><strong>τὸ</strong></span> <span class='ocrx_word' id='word_1_91' title='bbox 1175 1439 1329 1504; x_wconf 79' lang='grc' dir='ltr'><em>Λινδίων</em></span> <span class='ocrx_word' id='word_1_92' title='bbox 1358 1447 1418 1505; x_wconf 85' lang='lat' dir='ltr'><strong>eto.</strong></span> 
     </span>
     <span class='ocr_line' id='line_1_12' title="bbox 281 1541 1420 1629; baseline 0.002 -24"><span class='ocrx_word' id='word_1_93' title='bbox 281 1541 421 1608; x_wconf 86' lang='lat' dir='ltr'><strong>Videtur</strong></span> <span class='ocrx_word' id='word_1_94' title='bbox 450 1541 550 1624; x_wconf 84' lang='lat' dir='ltr'><strong>igitur</strong></span> <span class='ocrx_word' id='word_1_95' title='bbox 577 1542 610 1607; x_wconf 91' lang='lat' dir='ltr'><strong>in</strong></span> <span class='ocrx_word' id='word_1_96' title='bbox 641 1543 746 1608; x_wconf 84' lang='lat' dir='ltr'><strong>titulis</strong></span> <span class='ocrx_word' id='word_1_97' title='bbox 776 1543 905 1610; x_wconf 88' lang='lat' dir='ltr'><strong>Lindiis</strong></span> <span class='ocrx_word' id='word_1_98' title='bbox 931 1543 1064 1629; x_wconf 87' lang='lat' dir='ltr'><strong>Ialysiis</strong></span> <span class='ocrx_word' id='word_1_99' title='bbox 1087 1543 1330 1610; x_wconf 83' lang='lat' dir='ltr'><strong>Camirensibus</strong></span> <span class='ocrx_word' id='word_1_100' title='bbox 1357 1563 1420 1608; x_wconf 84' lang='lat' dir='ltr'><strong>vox</strong></span> 
     </span>
    </p>
   </div>
   <div class='ocr_carea' id='block_1_3' title="bbox 282 1643 1527 1736">
    <p class='ocr_par' dir='ltr' id='par_1_3' title="bbox 282 1643 1527 1736">
     <span class='ocr_line' id='line_1_13' title="bbox 282 1643 1527 1736; baseline 0.002 -29"><span class='ocrx_word' id='word_1_101' title='bbox 282 1643 387 1727; x_wconf 87' lang='grc' dir='ltr'><em>δᾶμος</em></span> <span class='ocrx_word' id='word_1_102' title='bbox 411 1645 457 1710; x_wconf 88' lang='lat' dir='ltr'><strong>ita</strong></span> <span class='ocrx_word' id='word_1_103' title='bbox 482 1653 639 1728; x_wconf 89' lang='lat' dir='ltr'><strong>usurpata</strong></span> <span class='ocrx_word' id='word_1_104' title='bbox 661 1667 744 1730; x_wconf 86' lang='lat' dir='ltr'><strong>esse,</strong></span> <span class='ocrx_word' id='word_1_105' title='bbox 762 1654 798 1712; x_wconf 88' lang='lat' dir='ltr'><strong>ut</strong></span> <span class='ocrx_word' id='word_1_106' title='bbox 813 1668 934 1731; x_wconf 83' lang='lat' dir='ltr'><strong>pagum</strong></span> <span class='ocrx_word' id='word_1_107' title='bbox 951 1647 1121 1731; x_wconf 82' lang='lat' dir='ltr'><strong>significet,</strong></span> <span class='ocrx_word' id='word_1_108' title='bbox 1138 1668 1304 1730; x_wconf 90' lang='lat' dir='ltr'><strong>nunquam</strong></span> <span class='ocrx_word' id='word_1_109' title='bbox 1319 1654 1420 1714; x_wconf 89' lang='lat' dir='ltr'><strong>totam</strong></span> <span class='ocrx_word' id='word_1_110' title='bbox 1526 1731 1527 1736; x_wconf 8' lang='grc' dir='ltr'>ἵ</span> 
     </span>
    </p>
   </div>
   <div class='ocr_carea' id='block_1_4' title="bbox 282 1747 1422 2454">
    <p class='ocr_par' dir='ltr' id='par_1_4' title="bbox 282 1747 1422 2454">
     <span class='ocr_line' id='line_1_14' title="bbox 284 1747 1421 1831; baseline 0 -19"><span class='ocrx_word' id='word_1_111' title='bbox 284 1747 462 1830; x_wconf 80' lang='lat' dir='ltr'><strong>civitatem,</strong></span> <span class='ocrx_word' id='word_1_112' title='bbox 487 1767 572 1830; x_wconf 90' lang='lat' dir='ltr'><strong>quae</strong></span> <span class='ocrx_word' id='word_1_113' title='bbox 597 1749 706 1831; x_wconf 89' lang='lat' dir='ltr'><strong>potius</strong></span> <span class='ocrx_word' id='word_1_114' title='bbox 729 1749 805 1814; x_wconf 90' lang='lat' dir='ltr'><strong>aliis</strong></span> <span class='ocrx_word' id='word_1_115' title='bbox 829 1750 964 1815; x_wconf 87' lang='lat' dir='ltr'><strong>vooibus</strong></span> <span class='ocrx_word' id='word_1_116' title='bbox 986 1749 1136 1830; x_wconf 83' lang='grc' dir='ltr'><em>Λίνδιοι,</em></span> <span class='ocrx_word' id='word_1_117' title='bbox 1155 1748 1333 1825; x_wconf 79' lang='grc' dir='ltr'><em>Ἰολύσιοι,</em></span> <span class='ocrx_word' id='word_1_118' title='bbox 1356 1755 1421 1812; x_wconf 87' lang='grc' dir='ltr'><em>Κοι-</em></span> 
     </span>
     <span class='ocr_line' id='line_1_15' title="bbox 283 1849 1421 1935; baseline 0 -19"><span class='ocrx_word' id='word_1_119' title='bbox 283 1860 388 1935; x_wconf 83' lang='grc' dir='ltr'><em>μιρεῖς</em></span> <span class='ocrx_word' id='word_1_120' title='bbox 421 1852 475 1918; x_wconf 85' lang='lat' dir='ltr'><strong>vel</strong></span> <span class='ocrx_word' id='word_1_121' title='bbox 502 1853 540 1914; x_wconf 87' lang='grc' dir='ltr'><strong>τὸ</strong></span> <span class='ocrx_word' id='word_1_122' title='bbox 571 1849 704 1934; x_wconf 64' lang='grc' dir='ltr'><em>πλῆθος</em></span> <span class='ocrx_word' id='word_1_123' title='bbox 733 1852 770 1916; x_wconf 84' lang='grc' dir='ltr'><strong>τὸ</strong></span> <span class='ocrx_word' id='word_1_124' title='bbox 795 1851 949 1915; x_wconf 78' lang='grc' dir='ltr'><em>Λινδίων</em></span> <span class='ocrx_word' id='word_1_125' title='bbox 974 1858 1034 1918; x_wconf 85' lang='lat' dir='ltr'><strong>eto.</strong></span> <span class='ocrx_word' id='word_1_126' title='bbox 1059 1854 1255 1935; x_wconf 87' lang='lat' dir='ltr'><strong>appellatur.</strong></span> <span class='ocrx_word' id='word_1_127' title='bbox 1301 1853 1421 1919; x_wconf 82' lang='lat' dir='ltr'><strong>Contra</strong></span> 
     </span>
     <span class='ocr_line' id='line_1_16' title="bbox 282 1951 1422 2036; baseline -0.002 -18"><span class='ocrx_word' id='word_1_128' title='bbox 282 1954 316 2018; x_wconf 92' lang='lat' dir='ltr'><strong>in</strong></span> <span class='ocrx_word' id='word_1_129' title='bbox 354 1953 521 2019; x_wconf 88' lang='lat' dir='ltr'><strong>titulorum</strong></span> <span class='ocrx_word' id='word_1_130' title='bbox 549 1953 750 2018; x_wconf 87' lang='lat' dir='ltr'><strong>Rhodiorum</strong></span> <span class='ocrx_word' id='word_1_131' title='bbox 785 1953 895 2019; x_wconf 87' lang='lat' dir='ltr'><strong>vorbis</strong></span> <span class='ocrx_word' id='word_1_132' title='bbox 924 1951 945 2018; x_wconf 84' lang='grc' dir='ltr'><em>ὅ</em></span> <span class='ocrx_word' id='word_1_133' title='bbox 974 1951 1080 2036; x_wconf 87' lang='grc' dir='ltr'><em>δᾶμος</em></span> <span class='ocrx_word' id='word_1_134' title='bbox 1109 1952 1128 2017; x_wconf 88' lang='grc' dir='ltr'><em>δ</em></span> <span class='ocrx_word' id='word_1_135' title='bbox 1153 1952 1292 2017; x_wconf 80' lang='grc' dir='ltr'><em>Ῥοδίων</em></span> <span class='ocrx_word' id='word_1_136' title='bbox 1321 1960 1374 2018; x_wconf 76' lang='lat' dir='ltr'><strong>aui</strong></span> <span class='ocrx_word' id='word_1_137' title='bbox 1401 1952 1422 2017; x_wconf 76' lang='grc' dir='ltr'><em>ᾶ</em></span> 
     </span>
     <span class='ocr_line' id='line_1_17' title="bbox 283 2045 1422 2139; baseline 0 -20"><span class='ocrx_word' id='word_1_138' title='bbox 283 2053 389 2137; x_wconf 77' lang='grc' dir='ltr'><em>βουλά</em></span> <span class='ocrx_word' id='word_1_139' title='bbox 412 2045 508 2122; x_wconf 74' lang='grc' dir='ltr'><strong>νοΓδ</strong></span> <span class='ocrx_word' id='word_1_140' title='bbox 533 2053 670 2137; x_wconf 73' lang='grc' dir='ltr'><em>σύμπας</em></span> <span class='ocrx_word' id='word_1_141' title='bbox 695 2053 801 2138; x_wconf 87' lang='grc' dir='ltr'><em>δᾶμος</em></span> <span class='ocrx_word' id='word_1_142' title='bbox 824 2075 891 2121; x_wconf 83' lang='lat' dir='ltr'><strong>vox</strong></span> <span class='ocrx_word' id='word_1_143' title='bbox 915 2053 1019 2138; x_wconf 88' lang='grc' dir='ltr'><em>δᾶμος</em></span> <span class='ocrx_word' id='word_1_144' title='bbox 1036 2057 1078 2122; x_wconf 86' lang='lat' dir='ltr'><strong>de</strong></span> <span class='ocrx_word' id='word_1_145' title='bbox 1093 2076 1180 2139; x_wconf 82' lang='lat' dir='ltr'><strong>pago</strong></span> <span class='ocrx_word' id='word_1_146' title='bbox 1196 2055 1422 2138; x_wconf 85' lang='lat' dir='ltr'><strong>intellegenda</strong></span> 
     </span>
     <span class='ocr_line' id='line_1_18' title="bbox 284 2155 1420 2243; baseline -0.004 -17"><span class='ocrx_word' id='word_1_147' title='bbox 284 2181 355 2227; x_wconf 86' lang='lat' dir='ltr'><strong>esse</strong></span> <span class='ocrx_word' id='word_1_148' title='bbox 386 2181 451 2226; x_wconf 94' lang='lat' dir='ltr'><strong>non</strong></span> <span class='ocrx_word' id='word_1_149' title='bbox 481 2159 628 2243; x_wconf 84' lang='lat' dir='ltr'><strong>videtur,</strong></span> <span class='ocrx_word' id='word_1_150' title='bbox 654 2179 728 2224; x_wconf 87' lang='lat' dir='ltr'><strong>oum</strong></span> <span class='ocrx_word' id='word_1_151' title='bbox 751 2160 888 2226; x_wconf 84' lang='lat' dir='ltr'><strong>Rhodus</strong></span> <span class='ocrx_word' id='word_1_152' title='bbox 912 2161 999 2241; x_wconf 84' lang='lat' dir='ltr'><strong>urbe,</strong></span> <span class='ocrx_word' id='word_1_153' title='bbox 1024 2157 1046 2223; x_wconf 89' lang='grc' dir='ltr'><em>ᾶ</em></span> <span class='ocrx_word' id='word_1_154' title='bbox 1067 2157 1199 2242; x_wconf 72' lang='grc' dir='ltr'><em>μεγάλοι</em></span> <span class='ocrx_word' id='word_1_155' title='bbox 1223 2155 1339 2235; x_wconf 74' lang='grc' dir='ltr'><em>πόλις,</em></span> <span class='ocrx_word' id='word_1_156' title='bbox 1363 2157 1420 2222; x_wconf 85' lang='lat' dir='ltr'><strong>vix</strong></span> 
     </span>
     <span class='ocr_line' id='line_1_19' title="bbox 284 2261 1422 2348; baseline -0.004 -19"><span class='ocrx_word' id='word_1_157' title='bbox 284 2285 389 2348; x_wconf 83' lang='lat' dir='ltr'><strong>pagus</strong></span> <span class='ocrx_word' id='word_1_158' title='bbox 418 2266 588 2348; x_wconf 86' lang='lat' dir='ltr'><strong>appellata</strong></span> <span class='ocrx_word' id='word_1_159' title='bbox 617 2263 673 2343; x_wconf 81' lang='lat' dir='ltr'><strong>sit3</strong></span> <span class='ocrx_word' id='word_1_160' title='bbox 704 2265 805 2329; x_wconf 89' lang='lat' dir='ltr'><strong>multo</strong></span> <span class='ocrx_word' id='word_1_161' title='bbox 828 2263 929 2347; x_wconf 87' lang='lat' dir='ltr'><strong>igitur</strong></span> <span class='ocrx_word' id='word_1_162' title='bbox 952 2263 1155 2347; x_wconf 88' lang='lat' dir='ltr'><strong>probabilius</strong></span> <span class='ocrx_word' id='word_1_163' title='bbox 1177 2261 1311 2327; x_wconf 88' lang='lat' dir='ltr'><strong>Rossius</strong></span> <span class='ocrx_word' id='word_1_164' title='bbox 1336 2282 1422 2327; x_wconf 89' lang='lat' dir='ltr'><strong>oom-</strong></span> 
     </span>
     <span class='ocr_line' id='line_1_20' title="bbox 284 2369 1421 2454; baseline -0.007 -18"><span class='ocrx_word' id='word_1_165' title='bbox 284 2369 418 2437; x_wconf 86' lang='lat' dir='ltr'><strong>mendat</strong></span> <span class='ocrx_word' id='word_1_166' title='bbox 453 2390 566 2436; x_wconf 85' lang='lat' dir='ltr'><strong>vooem</strong></span> <span class='ocrx_word' id='word_1_167' title='bbox 597 2370 638 2436; x_wconf 90' lang='lat' dir='ltr'><strong>de</strong></span> <span class='ocrx_word' id='word_1_168' title='bbox 670 2371 820 2436; x_wconf 89' lang='lat' dir='ltr'><strong>universo</strong></span> <span class='ocrx_word' id='word_1_169' title='bbox 849 2370 1050 2437; x_wconf 88' lang='lat' dir='ltr'><strong>Rhodiorum</strong></span> <span class='ocrx_word' id='word_1_170' title='bbox 1078 2369 1200 2454; x_wconf 91' lang='lat' dir='ltr'><strong>populo</strong></span> <span class='ocrx_word' id='word_1_171' title='bbox 1230 2371 1421 2450; x_wconf 86' lang='lat' dir='ltr'><strong>usurpatam</strong></span> 
     </span>
    </p>
   </div>
   <div class='ocr_carea' id='block_1_5' title="bbox 283 2467 1425 2656">
    <p class='ocr_par' dir='ltr' id='par_1_5' title="bbox 283 2467 1425 2656">
     <span class='ocr_line' id='line_1_21' title="bbox 283 2467 1425 2555; baseline -0.007 -15"><span class='ocrx_word' id='word_1_172' title='bbox 283 2494 370 2555; x_wconf 84' lang='lat' dir='ltr'><strong>esse,</strong></span> <span class='ocrx_word' id='word_1_173' title='bbox 402 2474 449 2539; x_wconf 86' lang='lat' dir='ltr'><strong>ita</strong></span> <span class='ocrx_word' id='word_1_174' title='bbox 479 2481 514 2538; x_wconf 87' lang='lat' dir='ltr'><strong>ut</strong></span> <span class='ocrx_word' id='word_1_175' title='bbox 543 2473 676 2539; x_wconf 77' lang='lat' dir='ltr'><strong>decreta</strong></span> <span class='ocrx_word' id='word_1_176' title='bbox 707 2473 870 2555; x_wconf 84' lang='lat' dir='ltr'><strong>ejusmodi</strong></span> <span class='ocrx_word' id='word_1_177' title='bbox 898 2476 1000 2540; x_wconf 83' lang='lat' dir='ltr'><strong>verba</strong></span> <span class='ocrx_word' id='word_1_178' title='bbox 1022 2472 1215 2540; x_wconf 75' lang='lat' dir='ltr'><strong>exhibentia</strong></span> <span class='ocrx_word' id='word_1_179' title='bbox 1237 2471 1271 2535; x_wconf 93' lang='lat' dir='ltr'><strong>in</strong></span> <span class='ocrx_word' id='word_1_180' title='bbox 1294 2467 1425 2551; x_wconf 85' lang='lat' dir='ltr'><strong>magnis</strong></span> 
     </span>
     <span class='ocr_line' id='line_1_22' title="bbox 284 2574 1253 2656; baseline -0.006 -14"><span class='ocrx_word' id='word_1_181' title='bbox 284 2575 424 2642; x_wconf 83' lang='lat' dir='ltr'><strong>comitiis</strong></span> <span class='ocrx_word' id='word_1_182' title='bbox 448 2577 490 2640; x_wconf 88' lang='lat' dir='ltr'><strong>ab</strong></span> <span class='ocrx_word' id='word_1_183' title='bbox 515 2575 669 2640; x_wconf 85' lang='lat' dir='ltr'><strong>universo</strong></span> <span class='ocrx_word' id='word_1_184' title='bbox 693 2575 895 2640; x_wconf 88' lang='lat' dir='ltr'><strong>Rhodiorum</strong></span> <span class='ocrx_word' id='word_1_185' title='bbox 919 2577 1041 2656; x_wconf 90' lang='lat' dir='ltr'><strong>populo</strong></span> <span class='ocrx_word' id='word_1_186' title='bbox 1066 2574 1253 2640; x_wconf 79' lang='lat' dir='ltr'><strong>laetasint.</strong></span> 
     </span>
    </p>
   </div>
   <div class='ocr_carea' id='block_1_6' title="bbox 372 2671 1527 2760">
    <p class='ocr_par' dir='ltr' id='par_1_6' title="bbox 372 2671 1527 2760">
     <span class='ocr_line' id='line_1_23' title="bbox 372 2671 1527 2760; baseline -0.004 -18"><span class='ocrx_word' id='word_1_187' title='bbox 372 2677 523 2742; x_wconf 86' lang='lat' dir='ltr'><strong>Rhodum</strong></span> <span class='ocrx_word' id='word_1_188' title='bbox 554 2677 667 2741; x_wconf 88' lang='lat' dir='ltr'><strong>urbem</strong></span> <span class='ocrx_word' id='word_1_189' title='bbox 695 2697 761 2742; x_wconf 90' lang='lat' dir='ltr'><strong>non</strong></span> <span class='ocrx_word' id='word_1_190' title='bbox 785 2682 851 2742; x_wconf 86' lang='lat' dir='ltr'><strong>lam</strong></span> <span class='ocrx_word' id='word_1_191' title='bbox 874 2677 1041 2760; x_wconf 88' lang='lat' dir='ltr'><strong>propriam</strong></span> <span class='ocrx_word' id='word_1_192' title='bbox 1065 2676 1232 2742; x_wconf 81' lang='lat' dir='ltr'><strong>civitatem</strong></span> <span class='ocrx_word' id='word_1_193' title='bbox 1255 2696 1353 2759; x_wconf 90' lang='lat' dir='ltr'><strong>quam</strong></span> <span class='ocrx_word' id='word_1_194' title='bbox 1376 2683 1424 2740; x_wconf 89' lang='lat' dir='ltr'><strong>to·</strong></span> <span class='ocrx_word' id='word_1_195' title='bbox 1526 2671 1527 2720; x_wconf 50' lang='grc' dir='ltr'>ἐ</span> 
     </span>
    </p>
   </div>
   <div class='ocr_carea' id='block_1_7' title="bbox 282 2779 1424 3174">
    <p class='ocr_par' dir='ltr' id='par_1_7' title="bbox 282 2779 1424 3174">
     <span class='ocr_line' id='line_1_24' title="bbox 282 2779 1423 2865; baseline 0.004 -18"><span class='ocrx_word' id='word_1_196' title='bbox 282 2783 349 2847; x_wconf 81' lang='lat' dir='ltr'><strong>tius</strong></span> <span class='ocrx_word' id='word_1_197' title='bbox 371 2782 499 2847; x_wconf 88' lang='lat' dir='ltr'><strong>insulae</strong></span> <span class='ocrx_word' id='word_1_198' title='bbox 524 2801 694 2847; x_wconf 86' lang='lat' dir='ltr'><strong>eommune</strong></span> <span class='ocrx_word' id='word_1_199' title='bbox 720 2788 817 2864; x_wconf 86' lang='lat' dir='ltr'><strong>eaput</strong></span> <span class='ocrx_word' id='word_1_200' title='bbox 840 2780 945 2848; x_wconf 84' lang='lat' dir='ltr'><strong>fuisse</strong></span> <span class='ocrx_word' id='word_1_201' title='bbox 968 2803 1007 2848; x_wconf 83' lang='lat' dir='ltr'><strong>eo</strong></span> <span class='ocrx_word' id='word_1_202' title='bbox 1032 2801 1162 2865; x_wconf 87' lang='lat' dir='ltr'><strong>quoque</strong></span> <span class='ocrx_word' id='word_1_203' title='bbox 1185 2779 1361 2848; x_wconf 86' lang='lat' dir='ltr'><strong>verisimile</strong></span> <span class='ocrx_word' id='word_1_204' title='bbox 1376 2779 1423 2850; x_wconf 76' lang='lat' dir='ltr'><strong>fit,</strong></span> 
     </span>
     <span class='ocr_line' id='line_1_25' title="bbox 288 2881 1421 2968; baseline -0.004 -19"><span class='ocrx_word' id='word_1_205' title='bbox 288 2885 378 2966; x_wconf 86' lang='lat' dir='ltr'><strong>quod</strong></span> <span class='ocrx_word' id='word_1_206' title='bbox 394 2885 425 2950; x_wconf 90' lang='lat' dir='ltr'><strong>ei</strong></span> <span class='ocrx_word' id='word_1_207' title='bbox 441 2905 559 2952; x_wconf 91' lang='lat' dir='ltr'><strong>nomen</strong></span> <span class='ocrx_word' id='word_1_208' title='bbox 576 2905 649 2950; x_wconf 90' lang='lat' dir='ltr'><strong>eum</strong></span> <span class='ocrx_word' id='word_1_209' title='bbox 664 2890 734 2950; x_wconf 85' lang='lat' dir='ltr'><strong>tota</strong></span> <span class='ocrx_word' id='word_1_210' title='bbox 749 2885 859 2950; x_wconf 86' lang='lat' dir='ltr'><strong>insula</strong></span> <span class='ocrx_word' id='word_1_211' title='bbox 875 2906 1045 2952; x_wconf 87' lang='lat' dir='ltr'><strong>eommune</strong></span> <span class='ocrx_word' id='word_1_212' title='bbox 1061 2892 1119 2967; x_wconf 90' lang='lat' dir='ltr'><strong>est,</strong></span> <span class='ocrx_word' id='word_1_213' title='bbox 1137 2892 1169 2951; x_wconf 86' lang='lat' dir='ltr'><strong>et</strong></span> <span class='ocrx_word' id='word_1_214' title='bbox 1185 2885 1274 2968; x_wconf 89' lang='lat' dir='ltr'><strong>quod</strong></span> <span class='ocrx_word' id='word_1_215' title='bbox 1288 2881 1421 2964; x_wconf 83' lang='lat' dir='ltr'><strong>Rhodii,</strong></span> 
     </span>
     <span class='ocr_line' id='line_1_26' title="bbox 284 2986 1424 3071; baseline -0.001 -20"><span class='ocrx_word' id='word_1_216' title='bbox 284 2989 427 3071; x_wconf 51' lang='lat' dir='ltr'><strong>urbem„</strong></span> <span class='ocrx_word' id='word_1_217' title='bbox 448 2987 475 3053; x_wconf 89' lang='lat' dir='ltr'><strong>si</strong></span> <span class='ocrx_word' id='word_1_218' title='bbox 503 2987 578 3054; x_wconf 88' lang='lat' dir='ltr'><strong>aliis</strong></span> <span class='ocrx_word' id='word_1_219' title='bbox 607 2987 734 3054; x_wconf 85' lang='lat' dir='ltr'><strong>insulae</strong></span> <span class='ocrx_word' id='word_1_220' title='bbox 762 2987 898 3054; x_wconf 88' lang='lat' dir='ltr'><strong>urbibus</strong></span> <span class='ocrx_word' id='word_1_221' title='bbox 921 2995 1158 3071; x_wconf 84' lang='lat' dir='ltr'><strong>opposuerunt,</strong></span> <span class='ocrx_word' id='word_1_222' title='bbox 1182 3008 1248 3053; x_wconf 92' lang='lat' dir='ltr'><strong>non</strong></span> <span class='ocrx_word' id='word_1_223' title='bbox 1272 2986 1424 3052; x_wconf 85' lang='lat' dir='ltr'><strong>Rhodum</strong></span> 
     </span>
     <span class='ocr_line' id='line_1_27' title="bbox 285 3088 1042 3174; baseline 0 -20"><span class='ocrx_word' id='word_1_224' title='bbox 285 3092 535 3174; x_wconf 85' lang='lat' dir='ltr'><strong>appellaverunt</strong></span> <span class='ocrx_word' id='word_1_225' title='bbox 559 3090 617 3156; x_wconf 90' lang='lat' dir='ltr'><strong>sed</strong></span> <span class='ocrx_word' id='word_1_226' title='bbox 638 3090 701 3152; x_wconf 80' lang='grc' dir='ltr'><em>τᾶν</em></span> <span class='ocrx_word' id='word_1_227' title='bbox 724 3088 876 3172; x_wconf 77' lang='grc' dir='ltr'><em>μεγάλαν</em></span> <span class='ocrx_word' id='word_1_228' title='bbox 900 3088 1002 3154; x_wconf 77' lang='grc' dir='ltr'><em>πόλιν</em></span> <span class='ocrx_word' id='word_1_229' title='bbox 1012 3091 1042 3174; x_wconf 75' lang='grc'><strong>6).</strong></span> 
     </span>
    </p>
   </div>
   <div class='ocr_carea' id='block_1_8' title="bbox 672 3280 1043 3378">
    <p class='ocr_par' dir='ltr' id='par_1_8' title="bbox 672 3280 1043 3378">
     <span class='ocr_line' id='line_1_28' title="bbox 672 3280 1043 3378; baseline 0.016 -20"><span class='ocrx_word' id='word_1_230' title='bbox 672 3295 694 3378; x_wconf 62' lang='grc' dir='ltr'><strong>ς</strong></span> <span class='ocrx_word' id='word_1_231' title='bbox 717 3293 749 3358; x_wconf 89' lang='grc'><strong>8.</strong></span> <span class='ocrx_word' id='word_1_232' title='bbox 793 3293 845 3359; x_wconf 81' lang='lat' dir='ltr'><strong>lle</strong></span> <span class='ocrx_word' id='word_1_233' title='bbox 870 3280 1043 3364; x_wconf 76' lang='lat' dir='ltr'><strong>comitiis.</strong></span> 
     </span>
    </p>
   </div>
   <div class='ocr_carea' id='block_1_9' title="bbox 284 3414 1427 3690">
    <p class='ocr_par' dir='ltr' id='par_1_9' title="bbox 284 3414 1427 3690">
     <span class='ocr_line' id='line_1_29' title="bbox 371 3414 1427 3499; baseline 0 -21"><span class='ocrx_word' id='word_1_234' title='bbox 371 3415 573 3481; x_wconf 86' lang='lat' dir='ltr'><strong>Rhodiorum</strong></span> <span class='ocrx_word' id='word_1_235' title='bbox 597 3414 729 3480; x_wconf 86' lang='lat' dir='ltr'><strong>oomitia</strong></span> <span class='ocrx_word' id='word_1_236' title='bbox 751 3414 882 3480; x_wconf 87' lang='lat' dir='ltr'><strong>nomine</strong></span> <span class='ocrx_word' id='word_1_237' title='bbox 898 3414 1055 3498; x_wconf 79' lang='grc' dir='ltr'><strong><em>ἐκκλησία</em></strong></span> <span class='ocrx_word' id='word_1_238' title='bbox 1071 3414 1274 3480; x_wconf 81' lang='lat' dir='ltr'><strong>vocabantur</strong></span> <span class='ocrx_word' id='word_1_239' title='bbox 1283 3416 1319 3499; x_wconf 73' lang='lat'><strong>⁷),</strong></span> <span class='ocrx_word' id='word_1_240' title='bbox 1335 3414 1427 3494; x_wconf 89' lang='lat' dir='ltr'><strong>quod</strong></span> 
     </span>
     <span class='ocr_line' id='line_1_30' title="bbox 284 3515 1426 3602; baseline 0.001 -21"><span class='ocrx_word' id='word_1_241' title='bbox 284 3537 403 3584; x_wconf 89' lang='lat' dir='ltr'><strong>nomon</strong></span> <span class='ocrx_word' id='word_1_242' title='bbox 433 3516 563 3599; x_wconf 87' lang='lat' dir='ltr'><strong>dubito,</strong></span> <span class='ocrx_word' id='word_1_243' title='bbox 595 3536 637 3581; x_wconf 89' lang='lat' dir='ltr'><strong>an</strong></span> <span class='ocrx_word' id='word_1_244' title='bbox 660 3515 851 3582; x_wconf 90' lang='lat' dir='ltr'><strong>Lindiorum</strong></span> <span class='ocrx_word' id='word_1_245' title='bbox 879 3537 1009 3600; x_wconf 88' lang='lat' dir='ltr'><strong>quoque</strong></span> <span class='ocrx_word' id='word_1_246' title='bbox 1034 3524 1066 3584; x_wconf 86' lang='lat' dir='ltr'><strong>et</strong></span> <span class='ocrx_word' id='word_1_247' title='bbox 1087 3517 1282 3602; x_wconf 86' lang='lat' dir='ltr'><strong>[alysiorum</strong></span> <span class='ocrx_word' id='word_1_248' title='bbox 1308 3526 1340 3584; x_wconf 84' lang='lat' dir='ltr'><strong>et</strong></span> <span class='ocrx_word' id='word_1_249' title='bbox 1364 3517 1426 3582; x_wconf 87' lang='lat' dir='ltr'><strong>Ca·</strong></span> 
     </span>
     <span class='ocr_line' id='line_1_31' title="bbox 285 3618 1426 3690; baseline 0.001 -6"><span class='ocrx_word' id='word_1_250' title='bbox 285 3618 475 3686; x_wconf 78' lang='lat' dir='ltr'><strong>mirensium</strong></span> <span class='ocrx_word' id='word_1_251' title='bbox 493 3619 650 3690; x_wconf 77' lang='lat' dir='ltr'><strong>‚eomitiis</strong></span> <span class='ocrx_word' id='word_1_252' title='bbox 683 3626 761 3686; x_wconf 86' lang='lat' dir='ltr'><strong>ante</strong></span> <span class='ocrx_word' id='word_1_253' title='bbox 787 3619 939 3686; x_wconf 86' lang='lat' dir='ltr'><strong>Rhodum</strong></span> <span class='ocrx_word' id='word_1_254' title='bbox 975 3620 1089 3687; x_wconf 89' lang='lat' dir='ltr'><strong>urbem</strong></span> <span class='ocrx_word' id='word_1_255' title='bbox 1119 3619 1286 3686; x_wconf 75' lang='lat' dir='ltr'><strong>conditam</strong></span> <span class='ocrx_word' id='word_1_256' title='bbox 1315 3622 1426 3687; x_wconf 84' lang='lat' dir='ltr'><strong>fuerit.</strong></span> 
     </span>
    </p>
   </div>
   <div class='ocr_carea' id='block_1_10' title="bbox 0 0 1554 4874">
    <p class='ocr_par' dir='ltr' id='par_1_10' title="bbox 0 0 1554 4874">
     <span class='ocr_line' id='line_1_32' title="bbox 0 0 1554 4874; baseline 0 0"><span class='ocrx_word' id='word_1_257' title='bbox 0 0 1554 4874; x_wconf 95' lang='lat' dir='ltr'><strong> </strong></span> 
     </span>
    </p>
   </div>
  </div>
 </body>
</html>
