3096 4874
628 333 886 424 ..7..’

152 531 237 614 grini
266 529 408 598 luerunt.
453 529 497 594 Hi
526 549 638 595 omnes
660 523 809 612 μέτοικοι
839 531 1041 596 vocabantur
1071 539 1103 597 et
1126 550 1192 596 una
1216 551 1290 596 cum
1310 529 1330 622 Ἰ

151 633 351 700 Rhodiorum
380 631 544 699 libertinis
554 632 572 716 ¹]
602 633 770 716 proprium
797 633 832 698 in
862 633 1034 717 republica
1060 633 1210 706 ordinem
1233 635 1289 698 ha·
1407 677 1410 684 -

150 735 300 805 buerunt.

236 838 286 904 De
320 836 568 920 peregrinorum
603 836 695 919 apud
722 835 872 902 Rhodios
901 835 1095 904 condicione
1130 859 1235 922 neque
1270 862 1290 906 a

150 960 257 1008 rerum
280 938 496 1023 scriptoribus
517 940 654 1004 multum
677 939 834 1004 traditum
856 945 907 1006 est
929 960 1036 1023 neque
1059 941 1093 1005 in
1116 941 1220 1028 titulis
1241 944 1289 1007 in-

150 1043 254 1110 veniri
276 1050 393 1125 potest.
439 1041 602 1108 Videntur
625 1050 735 1109 autem
758 1043 876 1110 iisdem
906 1044 974 1114 lere
989 1045 1123 1126 juribus
1144 1048 1196 1111 usi
1218 1067 1289 1114 esse

150 1145 351 1211 Rhodiorum
374 1142 541 1228 peregrini
564 1149 664 1226 atque
680 1144 941 1230 Atheniensium,
966 1167 1039 1212 oum
1055 1148 1174 1230 quibus
1190 1151 1289 1215 etium

150 1269 267 1315 nomen
296 1268 467 1314 commune
498 1246 631 1312 habent.
676 1251 906 1333 Λειτοογρίας
932 1249 1066 1332 quidem
1095 1258 1131 1316 ut
1152 1251 1290 1319 Athenis

150 1352 196 1416 ita
210 1351 320 1417 Rhodi
342 1371 474 1434 quoque
497 1370 562 1416 non
585 1350 692 1416 solum
716 1351 806 1417 cives
822 1351 881 1418 sed
897 1352 998 1418 etiam
1013 1353 1179 1437 peregrini
1195 1375 1288 1438 prae·

153 1455 292 1535 stabant,
315 1455 460 1520 velutin
483 1453 580 1519 titulo
596 1453 755 1538 Rhodio2)
779 1454 950 1538 Epigonus
971 1458 1124 1537 μέτοικος
1146 1457 1198 1524 bis
1214 1458 1290 1524 cho·
1345 1515 1350 1524 .

150 1577 219 1622 rum
260 1559 429 1624 ornavisse
470 1556 606 1637 dicitut3
647 1557 724 1624 item
757 1558 793 1622 in
832 1557 927 1624 titulo
967 1559 1084 1625 lindio
1094 1561 1113 1645 ²)
1148 1561 1290 1644 legimus

148 1661 325 1748 χορογούς,
357 1663 415 1744 qui
442 1663 487 1728 ad
515 1681 611 1727 sacra
639 1661 780 1746 Dionysi
809 1668 842 1728 et
866 1661 952 1728 Solis
977 1663 1177 1729 celebranda
1199 1664 1289 1746 apud

148 1765 285 1830 Lindios
320 1765 437 1829 choros
471 1771 685 1849 exornarent,
722 1785 765 1832 ex
798 1765 927 1831 civibus
963 1773 995 1832 et
1028 1785 1071 1832 ex
1105 1767 1290 1851 peregrinis

152 1869 276 1934 electos
297 1885 383 1933 esse.
428 1867 498 1934 Nec
518 1876 628 1935 tamen
652 1869 762 1933 omnia
784 1868 844 1933 illa
866 1889 1010 1951 munera,
1036 1889 1120 1952 quae
1143 1869 1288 1956 λειτουρ-

150 1973 223 2048 γίαι
251 1970 455 2036 vocabantur
483 1972 667 2055 peregrinis
695 1972 772 2037 item
801 1991 841 2036 uc
866 1971 994 2036 civibus
1018 1971 1164 2037 curanda
1189 1972 1289 2040 fuisse

149 2071 359 2152 crediderim,
393 2092 502 2156 neque
538 2073 647 2138 Rhodi
681 2075 768 2140 aliae
802 2075 1049 2158 peregrinorum
1083 2075 1289 2161 λειτουργίαι

147 2175 288 2241 inveniri
317 2183 455 2258 possunt
483 2196 523 2240 ao
551 2180 706 2262 χορηγία,
738 2198 836 2261 quam
866 2178 1004 2244 Athenis
1023 2198 1166 2261 -quoque
1195 2199 1289 2263 pere·

148 2279 249 2362 grinis
270 2279 405 2347 licuisse
428 2287 566 2346 constat.
618 2280 744 2358 Quodsi
765 2281 958 2364 peregrinos
987 2280 1096 2346 Rhodi
1115 2302 1179 2348 non
1210 2282 1288 2348 item

148 2389 247 2465 atque
269 2382 408 2449 Athenis
435 2384 599 2450 exercitui
627 2384 816 2450 interfuisse
848 2390 881 2451 et
911 2384 1220 2474 stipendialecisse
1245 2407 1288 2452 ex

146 2483 287 2550 Diodori
315 2485 389 2551 loco
421 2486 573 2551 concludi
602 2487 754 2570 potestss),
784 2488 846 2553 hoc
875 2486 953 2553 inde
981 2487 1197 2569 repetendum
1227 2497 1286 2572 est,

88 2629 91 2636 -
126 2584 236 2669 wquod
258 2585 379 2651 Rhodii
408 2594 602 2670 perpetuum
631 2589 813 2655 exercitum
843 2595 1029 2656 terrestrem
1059 2590 1190 2657 omnino
1222 2612 1288 2656 non

79 2691 81 2697 ’
146 2689 343 2754 habuerunt.
387 2689 500 2754 Nihilo
530 2696 640 2755 autem
663 2691 770 2756 minus
792 2690 873 2756 belli
896 2691 1099 2774 temporibus
1121 2693 1288 2778 peregrini

147 2791 220 2856 urbi
248 2791 478 2858 defendendae
507 2812 574 2856 non
600 2791 753 2874 deerant,
778 2811 992 2876 quamquam,
1017 2801 1053 2858 ut
1075 2814 1167 2858 arma
1191 2815 1286 2879 cape·

146 2901 228 2978 rent,
252 2895 343 2960 nullo
367 2894 477 2960 officio
500 2894 627 2959 astricti
650 2902 752 2961 erant.

233 2997 327 3075 Quae
361 2999 446 3063 ratio
476 2996 576 3064 fuerit
605 2998 690 3065 inter
717 3019 889 3065 numerum
920 3004 952 3063 et
981 2999 1103 3064 civium
1131 3006 1164 3065 et
1194 3021 1286 3082 pere-

145 3101 314 3184 grinorum
342 3123 386 3169 ex
408 3102 549 3168 Diodori
578 3103 768 3169 narratione
798 3103 914 3186 colligi
943 3109 1068 3186 potest,
1093 3103 1207 3186 quiin
1232 3102 1286 3169 de-

145 3203 324 3270 scribenda
354 3203 434 3270 urhe
464 3223 484 3268 a
513 3204 683 3270 Demetrio
711 3206 844 3272 obsessa
870 3204 1074 3270 'Rhodiorum
1104 3204 1287 3270 exercitum

147 3326 190 3373 ex
214 3307 299 3372 6000
322 3306 441 3372 civium
466 3311 499 3373 et
524 3308 609 3372 1000
631 3308 816 3392 peregrinis
840 3307 1054 3391 compositum
1078 3305 1179 3373 luisse
1197 3306 1287 3371 dicit.

145 3408 285 3475 Videtur
309 3409 414 3492 igitur
444 3409 565 3474 civium
594 3429 748 3476 numerus
770 3411 828 3475 illo
852 3410 985 3491 quidem
1007 3417 1154 3492 tempore
1177 3409 1292 3474 sexies

145 3531 320 3595 superasse
342 3513 591 3596 peregrinorum
613 3532 798 3592 numerum;
823 3512 939 3578 eadem
957 3511 1025 3578 fere
1042 3511 1126 3576 ratio
1143 3510 1287 3593 quodam

144 3613 242 3681 modo
273 3615 482 3698 comprobari
511 3621 621 3698 potest
642 3615 748 3681 titulis
770 3614 909 3681 Rhodiis
932 3614 1187 3698 sepulcralibus‚
1213 3633 1286 3676 curn

144 3737 189 3784 ex
215 3719 276 3784 110
298 3719 458 3802 sepulcris
480 3719 522 3783 47
548 3718 679 3802 civium,
703 3720 744 3784 53
768 3737 948 3802 servorum,
978 3717 1019 3781 10
1042 3718 1287 3800 peregrinorum

143 3819 322 3888 videantur
346 3841 429 3888 esse.

231 3925 270 3989 In
297 3925 465 3992 nonnullis
493 3925 598 3992 titulis
620 3924 759 3992 Rhodiis
789 3924 924 3990 artificis
954 3922 1077 3988 nomini
1101 3923 1204 3987 verba
1227 3920 1284 3985 ad-

143 4027 216 4094 dita
245 4034 336 4093 sunt:
361 4024 386 4114 ᾧ
420 4025 442 4092 ci
472 4026 641 4110 ἐπιδαμίοι
672 4025 817 4091 δέδοται.
869 4027 960 4090 Haec
992 4021 1160 4105 ὲπιόιιμίοι
1183 4022 1286 4088 honor

215 4199 242 4268 l)
260 4200 345 4266 Rosa,
381 4199 408 4253 J.
428 4198 461 4254 0.
480 4197 507 4253 J.
526 4197 584 4252 278.

214 4284 241 4354 2)
259 4286 341 4354 Ross,
361 4284 436 4341 Hell.
454 4284 497 4339 47.

213 4370 242 4441 3)
261 4371 344 4429 Diod
363 4371 405 4437 20,
424 4370 458 4424 80
482 4385 560 4439 seqq.
