3096 4874
603 329 817 395 ..35-

137 497 346 564 creabantur.
399 497 493 575 Quae
522 504 631 563 autem
661 498 784 565 suerint
812 500 896 567 haee
925 510 1111 586 praetorum
1134 505 1279 587 negotia,

137 603 369 672 definientibus
391 604 531 670 testibus
554 604 612 672 vix
636 605 703 670 diei
728 606 840 690 possit.
886 607 1070 676 Verisimile
1093 617 1202 676 tamen
1219 616 1279 692 est,

137 716 227 775 oerta
259 727 382 784 veorum
419 729 555 775 munera
597 710 715 776 eadem
747 709 848 778 fuisse
883 733 923 778 ao
947 719 1145 798 praetorum
1179 713 1279 780 Athe-

135 811 310 878 niensium.

84 913 88 917 ’
224 915 416 981 Provincias
446 915 579 996 quidem
614 918 819 985 Rhodiorum
854 941 875 984 a
904 919 1113 1004 praetoribus
1141 918 1280 984 admini-

136 1025 260 1084 stratas
288 1039 360 1085 esse
388 1039 432 1084 ex
460 1019 556 1086 titulo
587 1020 645 1087 illo
674 1022 804 1088 Rhodio
835 1043 855 1089 a
879 1022 1016 1089 Roehlio
1040 1020 1128 1089 edito
1150 1021 1278 1104 liquido

136 1127 295 1204 apparet,
324 1119 359 1185 in
388 1134 462 1204 quo¹
476 1141 561 1187 unus
585 1141 627 1188 ex
650 1123 857 1207 praetoribus
880 1126 1001 1191 dieitur
1025 1123 1084 1188 ἐπὶ
1106 1125 1144 1188 τὸ
1170 1127 1280 1210 πέραν

138 1224 161 1288 i.
186 1245 214 1290 e.
231 1224 376 1290 Peraeae
400 1227 616 1308 praepositus.
661 1227 744 1294 Item
767 1249 852 1294 unus
867 1249 908 1295 ex
924 1228 1171 1294 Atheniensium
1188 1248 1281 1311 prae·

136 1328 264 1393 toribus
288 1325 460 1393 dicebatur
483 1327 666 1412 στρατηγός
690 1328 737 1403 εἰς
760 1329 935 1412 Σαλαμῖνα
946 1331 982 1415 ¹).
1028 1332 1113 1396 Huio
1136 1331 1281 1415 praetori

138 1431 284 1498 Peraeae
315 1431 506 1513 provinciae
535 1433 722 1516 praeposito
753 1433 907 1500 videntur
935 1434 1060 1500 subditi
1090 1434 1192 1501 fuisse
1214 1441 1281 1501 tres

138 1534 189 1600 illi
218 1531 380 1616 ἁγεμόνες
411 1534 469 1598 ἐπὶ
499 1534 643 1614 Καύνου,
668 1535 728 1598 ἐπὶ
750 1541 890 1622 Καρίας,
915 1537 973 1600 ἐπὶ
996 1541 1141 1622 Λυκίας,
1165 1538 1222 1621 qui
1246 1537 1279 1602 in

138 1646 287 1705 extremo
317 1639 412 1704 titulo
436 1640 654 1704 nominantur.
707 1639 819 1705 Mirari
843 1641 974 1722 subeat,
1000 1640 1099 1723 quod·
1113 1661 1180 1706 non
1201 1641 1279 1708 item

138 1741 257 1805 insulis
280 1740 347 1807 illis
371 1762 391 1806 a
414 1740 552 1806 Rhodiis
575 1742 749 1826 subJeotis,
773 1742 868 1825 Telo,
893 1742 1054 1825 Chalcae,
1079 1743 1179 1824 Caso,
1204 1742 1280 1808 Gar-

140 1843 258 1926 patho,
281 1841 418 1928 Symae,
442 1842 579 1928 Nisyro,
604 1846 845 1930 Astypalaeae,
870 1865 955 1929 quae
979 1845 1041 1912 etsi
1064 1867 1129 1912 uon
1153 1867 1282 1930 semper

141 1945 282 2011 Rhodiis
310 1948 484 2030 parebant,
515 1955 583 2012 tum
614 1946 762 2031 quidem,
794 1967 867 2013 oum
896 1948 1001 2033 Lyoia
1030 1955 1063 2016 et
1093 1947 1191 2014 Caria
1220 1951 1280 2015 sub

140 2049 341 2116 Rhodiorum
376 2058 539 2136 potestate
574 2058 680 2136 erant,
716 2053 892 2118 maximam
921 2059 1048 2137 partem
1077 2053 1281 2120 Rhodiorum

137 2161 242 2232 eraut,
266 2155 449 2238 praepositi
471 2163 641 2239 praetores
656 2158 711 2223 vel
727 2157 888 2240 praefecti
902 2153 1096 2242 (ἁγεμόνες)
1113 2158 1281 2223 invenian-

137 2268 202 2324 tur.
230 2257 382 2323 Forsitan
398 2258 461 2325 hae
483 2259 613 2324 insulae
636 2279 711 2324 oum
726 2258 842 2324 Rhodo
866 2281 932 2324 una
947 2260 1118 2343 republioa
1135 2260 1279 2327 eontine-

138 2361 261 2426 bantur
284 2381 345 2427 neo
368 2361 613 2444 provinciarum
630 2363 703 2426 looo
720 2362 938 2445 habebantur,
955 2362 1044 2445 quod
1058 2363 1147 2429 idem
1162 2363 1278 2430 Rossio

138 2484 334 2547 persuasum
356 2463 458 2532 fuisse
482 2465 581 2530 video
591 2465 622 2549 2).
657 2465 728 2532 Nee
751 2471 861 2532 tamen
875 2467 939 2531 hae
954 2466 1083 2532 insulae
1100 2472 1135 2532 ut
1147 2463 1282 2551 Lindus,

138 2567 292 2653 Jalysus,
323 2567 472 2635 Camirus
501 2570 651 2654 proprias
678 2570 829 2636 civitates
861 2570 1054 2652 effeeerunt,
1085 2570 1144 2636 sed
1166 2570 1281 2635 harum

138 2672 312 2737 civitatum
343 2671 399 2736 uni
428 2675 482 2739 vel
512 2674 608 2739 alteri
640 2674 775 2741 additae
803 2680 906 2741 erant.
951 2674 1053 2740 'Polus
1080 2673 1215 2753 quidem
1238 2674 1281 2739 ad

136 2775 282 2840 Lindum
311 2774 497 2857 pertinebat
507 2775 537 2858 ³),
564 2775 687 2842 Chalae
715 2775 758 2840 ad
786 2775 997 2862 camirumr).
1043 2776 1170 2860 Peraea
1201 2796 1279 2859 quo-

138 2899 204 2962 que
229 2879 425 2945 eontinentis
446 2879 539 2963 regio
563 2879 672 2946 divisa
693 2879 824 2947 videtur
846 2880 956 2964 fuisse,
974 2885 1068 2964 eujus
1086 2901 1164 2964 pars
1180 2901 1280 2964 quae·
1372 2928 1374 2934 -

137 2983 215 3046 dam
246 2983 289 3048 ad
319 2981 484 3049 Camirum
513 2983 743 3070 pertinebas).
787 2985 880 3049 Haeo
908 2984 1110 3051 Rhodiorum
1142 2985 1277 3067 Peraea,

138 3107 240 3170 quam
269 3086 389 3153 Strabo
420 3087 506 3152 inter
528 3086 727 3153 Phoenicem
756 3094 788 3154 et
810 3086 995 3154 Daedalam
1025 3093 1152 3153 montes
1182 3086 1279 3152 sitam

138 3210 212 3258 esse
255 3189 387 3277 dicito),
428 3212 449 3256 a
484 3190 630 3276 pristinis
670 3193 873 3276 temporibus
913 3188 1116 3257 Rhodiorum
1151 3190 1283 3257 videtur

137 3293 251 3376 fuisse,
276 3313 348 3359 oum
365 3295 454 3378 apud
470 3295 600 3360 Livium
617 3293 745 3361 dicatur
759 3313 912 3380 possessa
927 3315 948 3358 a
963 3293 1144 3378 majoribus
1159 3308 1281 3360 eorum.

137 3395 266 3463 Peraea
300 3397 520 3464 Romanorum
552 3397 753 3482 temporibus
791 3398 887 3464 modo
916 3398 1024 3482 maj0r
1049 3396 1148 3463 modo
1175 3396 1282 3462 minor

138 3505 230 3584 erat,
259 3499 403 3566 maxima
432 3508 538 3585 uerte,
570 3521 643 3567 oum
666 3501 764 3566 Caria
792 3509 824 3568 et
846 3501 950 3587 Lyoia
973 3501 1005 3567 ei
1029 3499 1166 3565 additae
1189 3503 1283 3565 erant

136 3601 219 3667 inde
242 3603 284 3669 ab
309 3623 338 3668 a.
363 3626 392 3669 a.
417 3604 491 3670 Ohr.
515 3627 546 3670 n.
572 3604 788 3688 iss—167⁷),
812 3624 877 3687 quo
900 3612 1048 3688 tempore
1070 3603 1129 3668 ille
1150 3619 1281 3684 quoque

257 3843 376 3899 Pausan.
394 3845 418 3908 1,
437 3845 479 3899 35.

257 3930 340 3996 Ross,
358 3928 392 3985 A.
411 3929 492 3990 Auis.
511 3929 547 3994 11,
568 3946 595 3999 p.
613 3930 672 3984 606.

257 4015 459 4071 Transactions
478 4015 527 4084 XI,
546 4032 573 4084 p.
592 4015 652 4070 435.

259 4101 451 4157 Schneiderw.
470 4117 541 4156 anm.
560 4103 586 4156 8.
