3096 4874
722 306 938 369 ..23—

259 495 332 541 nem
362 481 537 560 prytanem
566 473 688 541 fautum
717 493 805 555 esse,
831 473 887 557 qui
914 495 979 540 non
1003 483 1102 540 antea
1125 482 1259 559 praetor
1280 475 1396 542 fuisset

258 585 316 644 aut
339 576 566 660 magistratum
590 577 752 661 praetoris
767 577 878 642 ordini
893 597 1004 661 parem
1021 577 1185 662 gessisset,
1209 569 1395 662 nee‘quem-

259 699 357 763 qnam
386 686 573 763 praetorem
603 688 661 746 ant
684 687 891 763 quaestorem
914 679 1036 746 faotum
1060 701 1147 764 esse,
1178 683 1271 764 eujus
1294 683 1396 748 virtus

258 803 325 848 non
348 790 446 850 antea
461 785 494 848 in
511 782 693 849 minoribus
707 782 896 849 muneribus
912 791 1062 867 spectata
1077 791 1174 851 esset.
1209 785 1273 862 Qui
1288 794 1396 852 antem

257 886 470 952 inhonorum
494 906 590 952 eursu
614 885 785 969 dignitatis
809 886 892 950 varii
915 886 1037 969 gradus
1059 885 1190 970 fuerint,
1207 887 1241 952 in
1259 887 1396 971 singulis

257 989 503 1074 magistratibus
526 987 715 1073 exponendi
739 989 832 1053 loeus
854 987 925 1054 erit.
969 987 1007 1052 In
1031 989 1128 1055 oertis
1150 991 1396 1074 magistratibus

258 1091 421 1176 eligendis
454 1092 502 1158 rei
530 1091 704 1157 familiaris
733 1090 892 1157 rationem
922 1090 1067 1156 habitam
1096 1112 1168 1159 esse
1198 1113 1395 1177 quamquam

257 1196 435 1263 verisimile
459 1203 517 1279 est,
541 1202 648 1261 tamen
673 1215 738 1260 non
761 1200 915 1261 testatum
939 1201 997 1261 est.

609 1436 629 1520 5
653 1432 699 1500 11.
743 1435 796 1501 lle
820 1433 1047 1516 prytanibns.

343 1577 507 1661 Prytanes
541 1593 683 1640 summos
718 1573 922 1656 reipublicae
955 1572 1165 1656 magistratus
1199 1574 1299 1642 fuisse
1330 1596 1393 1640 non

258 1681 364 1745 solum
393 1699 416 1743 a·
442 1698 548 1744 rerum
579 1677 791 1760 scriptoribus
817 1676 999 1743 affirmatur
1009 1679 1030 1755 ¹)
1055 1677 1114 1743 sed
1136 1677 1242 1743 titulis
1265 1699 1394 1762 quoque

258 1781 503 1865 comprobatur,
532 1801 605 1845 oum
634 1787 668 1845 et
689 1781 722 1844 in
747 1800 844 1845 eursu
867 1781 1028 1845 honorum
1052 1787 1226 1866 prytanum
1251 1780 1396 1864 dignitas

258 1905 401 1951 summus
423 1883 547 1968 gradus
570 1883 722 1958 videatur
745 1883 846 1949 fuisse
869 1891 901 1950 et
923 1882 957 1947 in
980 1883 1022 1949 iis
1044 1884 1325 1967 inscriptionibus,
1360 1884 1394 1947 in

258 1989 377 2070 quibus
404 1989 496 2052 varia
524 1987 774 2071 magistratuum
800 1987 940 2071 collegia
961 1994 1209 2069 enumerantur,
1238 1993 1403 2070 prytanes·

256 2091 396 2174 primum
427 2092 534 2156 looum
563 2097 707 2156 teneant.
753 2089 917 2174 Prytanes
942 2109 1076 2155 numero
1099 2109 1159 2156 sex
1182 2089 1328 2170 fuerunt,
1359 2095 1394 2152 ut

257 2215 301 2260 ex
335 2194 438 2262 titulis
471 2200 624 2277 apparet;
659 2214 767 2261 rerum
796 2193 972 2276 scriptores
999 2213 1170 2258 numerum
1200 2213 1265 2257 non
1294 2189 1393 2256 tradi-

258 2297 393 2381 derunt,
423 2318 489 2380 qua
516 2297 557 2364 de
587 2318 687 2363 eausa
716 2296 825 2361 adhue
846 2317 912 2361 non
933 2296 995 2362 nisi
1020 2297 1085 2363 duo
1109 2297 1211 2362 fuisse
1234 2303 1394 2381 prytanes
1436 2309 1438 2313 ·

237 2408 242 2414 “
255 2402 466 2484 putabantur.

342 2502 376 2568 Si
407 2523 450 2568 ex
480 2500 625 2584 Appiani
647 2500 705 2565 illo
728 2503 819 2581 loeo,
850 2520 913 2581 quo
937 2500 1017 2565 dicit
1040 2501 1270 2565 Alexandrum
1294 2520 1392 2564 unum

256 2614 430 2691 prytanem
458 2624 479 2667 a
502 2601 641 2666 Rhodiis
670 2608 815 2666 ereetum
846 2602 967 2684 esse²)‚
999 2602 1040 2668 de
1064 2603 1160 2686 hujus
1182 2603 1392 2687 magistratus

256 2712 310 2776 vel
333 2715 479 2790 tempore
503 2706 556 2770 vel
580 2704 726 2788 eligendi
749 2705 876 2771 ratione
900 2703 1080 2788 quidquam
1098 2706 1251 2790 colligere
1267 2708 1391 2786 lieeret,

256 2832 356 2877 unum
380 2816 506 2874 tanturn
531 2815 703 2893 prytanem
728 2829 857 2892 quoque
881 2808 1028 2875 semestri
1051 2809 1085 2874 in
1108 2810 1285 2876 triennium
1302 2831 1393 2876 orea-

161 2959 164 2968 ·
255 2922 323 2979 tum
346 2933 417 2980 esse
440 2921 598 2996 putarem,
622 2913 669 2978 ita
684 2919 719 2979 ut
735 2920 911 2997 prytanum
926 2933 1080 2979 numerus
1096 2933 1228 2996 quoque
1245 2915 1393 2982 semestri

255 3019 451 3102 repleretur:
486 3016 547 3082 sed
576 3016 687 3081 faeere
716 3037 780 3082 non
810 3017 959 3099 possum,
990 3017 1068 3099 quin
1098 3017 1183 3082 bane
1211 3018 1392 3084 Alexandri

255 3120 406 3205 prytanis
428 3120 623 3186 electionem
646 3127 780 3202 propter
802 3140 908 3186 rerum
932 3120 1156 3186 condicionem
1172 3121 1230 3186 illo
1246 3128 1392 3205 tempore

257 3222 553 3290 extraordinariam
583 3243 656 3288 eum
685 3222 860 3289 Paulsenio
891 3230 1005 3288 eontra
1032 3224 1141 3307 legem
1170 3223 1291 3290 fastam
1321 3244 1391 3291 esse

256 3334 378 3410 putem.
424 3325 585 3392 Videntur
613 3332 722 3391 autem
746 3333 906 3411 prytanea
928 3333 963 3391 ut
986 3325 1110 3392 similes
1133 3327 1167 3389 in
1190 3327 1266 3392 aliis
1290 3327 1391 3393 Grae-

256 3430 328 3494 eiae
363 3428 553 3494 civitatibus
586 3429 795 3512 magistratus
829 3429 863 3494 in
898 3451 995 3495 unum
1029 3450 1149 3494 annum
1179 3430 1280 3496 creati
1310 3451 1391 3512 osse,

255 3553 341 3614 quae
362 3553 414 3598 res
439 3553 481 3598 ex
504 3534 577 3597 looo
589 3531 722 3616 Polybii
731 3531 757 3616 ³)
783 3540 815 3597 et
830 3533 918 3612 inde,
935 3533 1025 3616 quod
1040 3532 1235 3597 Plutarchus
1250 3533 1392 3599 Rhodio·

255 3655 325 3699 rum
350 3643 508 3720 prytanes
532 3654 604 3698 eum
627 3633 835 3701 boeotarehis
860 3635 1074 3721 comparati),
1099 3636 1251 3701 concludi
1274 3643 1391 3720 potest.

256 3737 438 3803 Fonoartus
461 3737 594 3822 Polybii
616 3736 706 3802 illius
727 3739 793 3803 looi
816 3739 976 3805 rationem
1000 3739 1140 3821 babens,
1171 3739 1227 3804 ubi
1251 3738 1392 3805 Rhodio-

255 3861 327 3905 rum
355 3841 505 3924 prytanis
534 3840 666 3905 eomitia
694 3860 813 3923 regens
842 3841 964 3908 dieitur
985 3843 1045 3925 τὴν
1070 3840 1228 3927 δευτέραν
1252 3841 1392 3926 1”κμηνον

343 4063 470 4134 lPolyb.
489 4065 531 4132 21,
551 4064 581 4129 3;
602 4063 675 4133 App
694 4065 719 4120 4.
738 4065 779 4121 66.

344 4151 438 4220 )App
464 4153 490 4219 4,
512 4152 554 4206 66.

343 4237 471 4306 lPolyb
490 4238 575 4305 27‚6.

343 4320 446 4385 )Plut
465 4337 523 4388 ger.
542 4321 612 4391 reip.
631 4337 725 4390 prseo.
745 4339 771 4391 p.
790 4323 849 4378 240.

325 4066 340 4117 1

324 4152 341 4203 ‘2

324 4237 340 4289 3

323 4322 341 4374 4
