3096 4874
621 343 849 408 ...45-

163 513 408 601 παναγύρειςὶ)
443 514 633 599 pertineret.
684 514 749 592 Qui
788 515 822 580 in
856 513 961 580 titulis
988 513 1115 580 Lindiis
1149 513 1303 579 dicuntur

160 619 242 700 ludi,
260 616 317 694 οὓς
331 621 464 682 τίθεντι
482 615 515 680 οἱ
528 615 712 702 Λίνδιοιῖ),
729 637 890 701 nusquam
902 618 1050 702 pluribus
1062 616 1301 685 describuntur.

248 723 299 789 De
332 720 532 786 Rhodiorum
569 719 657 786 ludis
684 721 835 786 maximis
867 743 952 805 quae
982 721 1047 787 dici
1077 727 1228 805 possunt,
1259 741 1302 786 ex

162 827 266 892 tribus
301 824 406 892 titulis
435 824 624 908 colligenda
652 824 773 910 eunti).
828 824 965 889 Maximi
999 823 1201 889 Rhodiorum
1229 823 1301 888 ludi

162 929 328 1013 conjuncti
359 934 453 995 erant
480 949 553 993 cum
582 949 707 995 summo
737 929 790 994 die
819 928 918 1012 festo,
951 928 1008 1011 qui
1036 929 1070 993 in
1093 927 1180 994 Solis
1201 929 1301 994 hono·

160 1053 229 1100 rem
257 1032 487 1099 celebrabatur
523 1039 556 1098 et
586 1038 719 1116 propter
748 1032 811 1097 hoc
838 1031 946 1116 ipsum
975 1031 1075 1097 Halia
1110 1033 1300 1115 vocabatur,

161 1135 250 1202 unde
279 1134 367 1200 ludis
397 1153 515 1200 nomen
544 1134 672 1201 Halieis
708 1134 822 1219 orae).
888 1136 939 1202 De
975 1135 1175 1201 Rhodiorum
1214 1135 1302 1202 ludis

161 1241 265 1306 Istrus
298 1235 413 1302 refert:
444 1231 570 1301 Ῥόδιοι
603 1259 636 1300 τι
662 1239 769 1302 decos
796 1233 916 1301 Ἡλίου
947 1237 983 1300 ὲν
1008 1234 1112 1324 Ῥόδῳ
1142 1239 1302 1319 γυμνικὸν

162 1343 366 1425 στεφανίτην
383 1335 498 1418 ἀγῶνα
507 1340 542 1420 ⁵).
581 1338 706 1416 Quodsi
728 1341 830 1406 Istrus
852 1341 984 1406 nonnisi
1008 1340 1049 1406 de
1072 1340 1159 1408 ludis
1174 1340 1302 1426 gymni-

163 1446 211 1511 cis
235 1444 348 1526 refert,
372 1442 406 1507 in
429 1442 699 1526 inscriptionibus
726 1443 851 1528 triplex
872 1443 1022 1509 ludorum
1046 1464 1150 1528 genus
1172 1445 1302 1512 inveni-

162 1557 232 1632 tur,
262 1546 458 1613 curriculum
493 1566 670 1629 equorum,
708 1555 873 1612 certamen
901 1546 1106 1631 gymnicum,
1137 1553 1302 1614 certamen

164 1654 333 1718 musicum.
372 1649 577 1714 Curriculum
593 1668 748 1732 equorum
766 1649 899 1715 summis
915 1650 1096 1733 sumptibus
1107 1657 1302 1717 exornatum

163 1755 266 1822 fuisse
290 1773 333 1820 ex
355 1754 452 1820 titulo
475 1751 618 1836 quodam
637 1752 764 1818 Rhodio
788 1756 967 1836 appareti),
990 1753 1047 1818 ubi
1064 1753 1210 1820 Rhodius
1232 1755 1302 1837 qui·

167 1860 243 1924 dam
266 1858 300 1922 in
317 1857 443 1923 Helieis
460 1849 585 1942 ἅρματι
600 1854 714 1940 τελείῳ
739 1855 856 1922 vicisse
881 1856 1007 1940 dicitur,
1033 1857 1089 1940 qui
1112 1876 1225 1923 currus
1240 1856 1304 1922 fuit

167 1960 434 2045 preciosissimus.
470 1961 694 2026 Ptolemaeum
717 1959 863 2044 Aegypti
887 1981 998 2044 regem
1014 1967 1046 2028 et
1061 1961 1210 2026 Attalum
1225 1961 1301 2027 Per·

167 2066 255 2148 gami
278 2084 390 2147 regem
414 2084 486 2130 cum
509 2063 615 2129 tribus
635 2063 713 2128 filiis
735 2063 786 2128 his
814 2083 971 2146 equorum
995 2065 1165 2131 currIculis
1188 2065 1303 2131 codem
1335 2073 1337 2078 '
1370 2051 1371 2056 ἵ

162 2188 249 2234 anno
278 2167 465 2233 interfuisse
493 2166 608 2231 titulus
637 2165 770 2249 quidam
792 2166 1005 2233 Atheniensis
1034 2166 1216 2252 testaturI).
1263 2169 1301 2234 In

167 2271 255 2338 ludis
276 2269 438 2355 gymnicis
461 2268 602 2334 virorum
620 2269 799 2335 certamina
821 2275 950 2336 secreta
973 2278 1066 2337 crant
1088 2293 1108 2336 a
1130 2291 1304 2354 puerorum

164 2373 398 2441 certaminibus
408 2371 445 2457 8).
498 2371 684 2439 Certamina
712 2374 838 2438 musica
860 2372 968 2438 Rhodi
995 2374 1029 2438 in
1052 2376 1179 2441 Halieis
1203 2375 1303 2442 fuisse

165 2480 350 2542 Fonoartus
380 2473 475 2541 titulo
500 2475 640 2558 quodam
672 2474 878 2558 comprobari
908 2475 1002 2561 dicit,
1032 2477 1089 2560 qui
1117 2478 1302 2562 nuperrime

165 2580 307 2646 Athenis
328 2579 362 2643 in
385 2579 513 2644 theatro
537 2586 685 2663 repertus
707 2580 758 2644 sit.
794 2580 832 2644 In
848 2581 909 2646 hoc
924 2581 1020 2647 titulo
1036 2581 1157 2666 legitur
1171 2589 1302 2666 poetam

166 2683 331 2766 quendam
356 2682 557 2768 dithyrambi
580 2684 750 2749 vlotoriam
772 2683 806 2748 in
830 2684 1031 2750 Rhodiorum
1054 2685 1181 2752 Halieis
1205 2707 1303 2751 nanc-

164 2797 231 2853 tum
256 2807 337 2854 esse.

255 2889 431 2956 Proedriae
465 2891 603 2955 alterum
643 2910 748 2974 genus
780 2890 870 2974 apud
904 2889 1040 2956 Lindios
1074 2890 1207 2975 quidem
1241 2890 1304 2957 fuit

167 2991 334 3080 προεδρία
358 2993 394 3058 ἐν
416 3004 488 3069 ταῖς
512 2989 758 3078 παναγύρεσιν.
790 2993 842 3059 Ad
859 2992 1066 3080 παναγύρεις
1090 2992 1148 3058 alii
1171 3014 1303 3077 quoque

165 3096 359 3162 Lindiorum
395 3099 535 3165 honores
570 3099 794 3182 pertinebant,
826 3101 1083 3184 στεφανοφορία
1119 3106 1150 3164 et
1180 3096 1304 3178 ἀναγό-

165 3217 277 3285 ρειισις
310 3199 372 3264 adv
411 3199 514 3284 τιμᾶν
549 3201 585 3264 ἐν
618 3210 691 3275 ταῖς
727 3198 1007 3288 παναγύρεσινθ).
1067 3200 1160 3278 Quae
1194 3209 1305 3268 aulem

168 3302 288 3369 fuerint
316 3303 379 3370 hae
409 3301 629 3389 acceptique,
654 3307 708 3371 vel
732 3305 895 3387 quomodo
919 3306 1105 3372 celebratae
1128 3305 1208 3387 sint,
1233 3325 1305 3371 nus·

284 3595 389 3650 ibidem
407 3611 425 3648 n
451 3594 494 3648 22.

283 3681 318 3736 R.
337 3680 371 3735 A.
390 3681 469 3748 XVI
490 3697 517 3736 n.
536 3682 578 3736 68.

283 3767 318 3822 R.
337 3766 372 3822 A.
392 3767 473 3834 XIII,
492 3784 538 3822 nn.
558 3769 599 3836 10
618 3769 727 3823 12—14.

237 3851 255 3902 4
285 3852 370 3921 Ross
389 3852 416 3907 J.
436 3851 469 3906 G.
487 3853 514 3908 J.
534 3869 580 3907 nn.
599 3854 659 3922 277,
678 3853 744 3922 2853
764 3853 799 3907 R.
818 3851 853 3906 A.
872 3845 951 3920 XIII,
971 3869 997 3909 n
1017 3853 1057 3907 10

284 3937 393 4004 Fragm
407 3937 477 3992 ·.h1st
496 3954 538 4007 gr.
556 3938 579 4006 1,
598 3937 631 3995 fr.
651 3941 685 3994 60
704 3939 748 3993 ed.
767 3938 864 3993 Didot.

290 4109 447 4177 Rhaugabc
465 4128 492 4165 n
510 4112 570 4166 962.

239 3935 581 4094 oiennnrnra

236 4109 641 4267 iarznxnrnuare.

166 4365 200 4418 21
229 4279 321 4417 ἕέΒ.
340 4281 376 4335 A.
394 4281 472 4350 XVI,
491 4299 536 4338 nn.
562 4283 604 4353 68,
623 4285 671 4338 69·
666 4283 778 4353 ,Ross,
797 4282 871 4337 Hell.
890 4299 918 4337 n.
936 4282 985 4349 443
1004 4281 1088 4338 Arch.
1106 4280 1186 4336 Auis.
1205 4280 1241 4348 Il,
1260 4298 1306 4336 nn.

203 4406 210 4431 ,
280 4367 339 4421 l.1.
