3096 4874
613 293 926 354 ¹-12—

246 467 376 532 Lindiis
386 464 426 551 ¹),
458 463 612 532 concludi
642 471 759 548 potest.
811 462 1016 546 Quamquam
1046 461 1197 527 Muelleri
1226 459 1389 526 sententia

252 571 385 637 videtur
412 567 596 652 rejicienda
619 587 706 650 esse,
736 587 802 650 qua
824 571 920 650 putat
941 571 1007 632 tres
1029 564 1106 630 illas
1125 562 1237 629 Rhodi
1260 563 1387 628 insulae

248 674 347 740 urbes
370 671 631 755 antiquissimas,
662 671 819 755 Lindum,
842 671 1004 755 Ialysum,
1030 667 1194 733 Camirum
1216 687 1261 733 ex
1283 667 1388 732 tribus

248 777 379 842 Derieis
412 774 564 841 tribubus
593 775 728 840 secretis
758 779 847 840 ortas
876 794 957 841 esse.
1008 773 1124 855 Neque
1154 771 1240 837 enim
1268 769 1387 837 Graeci

249 881 308 946 bas
330 881 427 947 urbes
442 884 500 943 aut
516 876 612 959 primi
632 875 860 959 condiderunt,
885 896 957 941 cum
974 881 1103 941 constet
1118 894 1174 940 eas
1190 873 1388 939 Phoenicum

250 1003 320 1049 esse
353 980 550 1064 colonias²)‚
580 985 638 1044 aut
668 985 877 1063 expugnatas
905 979 990 1044 inter
1012 999 1046 1045 sc
1069 980 1118 1043 ita
1142 976 1387 1059 distribuerunt,

249 1092 285 1155 ut
315 1104 406 1150 suam
437 1103 589 1167 quaeque
618 1083 722 1148 tribus
752 1084 864 1149 urbem
894 1082 1075 1166 acciperet,
1106 1101 1180 1146 cum
1203 1082 1301 1146 urbes
1323 1100 1387 1145 non

233 1207 362 1255 >omnes
392 1187 489 1254 simul
519 1184 577 1252 sed
608 1192 682 1269 pcst
710 1187 814 1251 multa
842 1206 883 1251 ac
905 1185 1059 1250 diuturna
1081 1185 1172 1250 bella
1194 1202 1293 1246 unam
1315 1189 1389 1265 post

249 1292 388 1356 alteram
417 1295 664 1374 expugnarent,
695 1290 743 1354 ita
771 1297 807 1354 ut
829 1289 970 1354 Lindum
994 1295 1027 1354 et
1050 1287 1216 1353 Camirum
1236 1285 1388 1368 jamdiu

250 1392 463 1459 communiter
497 1391 670 1458 habitasse
703 1393 894 1474 videantur,
931 1413 1003 1456 cum
1032 1392 1163 1477 Ialysus
1190 1389 1388 1457 Phoenicum

250 1496 358 1562 adhuc
403 1515 532 1579 semper
570 1497 705 1581 esscti).
766 1498 883 1580 Neque
926 1495 1040 1577 etiam,
1078 1500 1250 1577 postquam
1287 1498 1389 1558 totam

250 1599 392 1682 deniqne
440 1600 581 1665 insulam
624 1599 688 1664 sibi
729 1601 954 1682 subjecerunt,
1000 1597 1119 1666 Gracci
1157 1604 1222 1663 tres
1260 1598 1388 1663 insulae

249 1703 347 1768 urbes
370 1702 515 1768 tributim
540 1701 785 1783 habitaverunt3
809 1704 930 1784 scimus
952 1702 1039 1768 enim
1056 1701 1206 1781 Lindum,
1230 1702 1387 1786 lalysum,

251 1804 416 1868 Camirum
438 1810 514 1869 ante
530 1803 682 1869 Rhodum
704 1805 818 1870 urbem
842 1803 1007 1870 conditam
1030 1825 1122 1869 suam
1139 1824 1300 1888 quamque
1317 1824 1388 1888 pro-

249 1906 355 1990 priam
378 1906 615 1988 rempublicam
639 1905 808 1988 habuisse,
838 1905 874 1969 id
898 1907 986 1988 quod
1011 1925 1084 1970 cum
1107 1905 1250 1970 tribuum
1273 1915 1389 1972 natura

249 2028 317 2073 non
348 2009 524 2088 consentit,
555 2027 627 2072 cum
650 2007 709 2073 vix
731 2015 987 2075 consentaneum
1010 2009 1067 2087 sit,
1095 2007 1215 2089 tribus,
1246 2009 1388 2088 quaein

250 2109 367 2176 ceteris
401 2111 551 2176 omnibus
580 2109 740 2178 Graeciae
778 2113 876 2178 rebus
910 2110 1052 2195 publicis
1085 2109 1228 2176 civitatis
1261 2115 1388 2192 partem

250 2214 407 2297 efficiant,
424 2214 651 2280 tantummodo
669 2215 777 2281 Rhodi
793 2216 933 2300 propriis
948 2215 1045 2283 rebus
1060 2213 1203 2298 publicis
1219 2212 1388 2278 contineri.

250 2315 371 2384 Contra
404 2317 438 2383 in
469 2338 536 2383 una
565 2338 697 2402 quaque
726 2319 855 2385 insulae
885 2320 1056 2386 civitatum
1082 2324 1148 2383 tres
1177 2317 1256 2383 illae
1284 2317 1389 2382 tribus

247 2421 391 2486 Doricae
415 2419 573 2487 videntur
596 2419 708 2503 fnisse,
732 2420 768 2485 id
791 2421 881 2504 quod
905 2422 946 2488 dc
962 2421 1069 2485 Lindo
1093 2418 1228 2503 quidem
1251 2426 1387 2501 constat,

248 2544 321 2590 cum
355 2523 389 2586 in
418 2522 602 2604 Agrigento
632 2522 824 2588 Lindiorum
860 2523 989 2588 colonia
1022 2530 1088 2589 tres
1116 2521 1220 2588 tribus
1247 2523 1388 2588 Doricae

248 2625 350 2692 fuisse
373 2643 417 2690 ex
439 2624 652 2707 inscriptione
676 2624 735 2691 illa
758 2625 976 2710 Agrigentino
999 2625 1152 2716 concludi
1175 2626 1287 2708 possit.

334 2726 462 2805 Quodsi
473 2727 621 2810 Mueller,
639 2748 712 2794 cum
728 2736 795 2795 tres
806 2729 934 2794 insulae
953 2729 1048 2795 urbes
1066 2728 1224 2795 extribus
1239 2729 1389 2796 tribubus

249 2838 339 2898 ortas
355 2847 427 2898 csse
445 2821 553 2910 dicat,
568 2831 668 2897 modo
690 2840 758 2898 tres
780 2831 881 2898 fuisse
898 2832 1100 2898 Rhodiorum
1123 2833 1227 2899 tribus
1251 2833 1388 2917 putavit,

248 2940 363 3000 contra
394 2940 452 2998 aut
475 2934 583 2999 Rhodi
613 2941 669 3000 aut
692 2935 880 3020 Agrigenti,
905 2935 994 3018 quod
1016 2935 1204 3001 Boeckhius
1226 2956 1388 3002 commen·

249 3036 351 3121 dati),
382 3043 448 3102 tres
478 3038 554 3102 illas
584 3037 690 3104 tribus
713 3038 853 3104 Doricae
881 3040 968 3104 solas
997 3038 1100 3105 fuisse
1129 3039 1306 3106 verisimile
1330 3047 1388 3106 est.

248 3138 382 3206 Constat
420 3141 507 3206 enim
549 3140 583 3204 in
612 3141 775 3226 ‚omnibus
813 3140 883 3207 fere
919 3141 1108 3207 civitatibus
1141 3141 1287 3226 Doricis,
1323 3149 1389 3208 tres

248 3243 325 3307 illas
350 3242 616 3311 tribusDorioas
639 3243 831 3325 conjunctas
854 3241 955 3308 fuisse
979 3263 1052 3308 cum
1075 3265 1142 3308 una
1163 3244 1218 3311 vel
1240 3245 1389 3329 pluribus

248 3345 339 3428 aliis,
369 3344 488 3430 quibus
517 3345 735 3428 antiquissimi
764 3352 872 3412 terrac
894 3346 1025 3412 incolae
1046 3348 1240 3431 plerumque
1262 3348 1389 3415 Achaei

250 3447 504 3515 continebantur
513 3447 550 3533 ⁵).
596 3447 668 3524 Qua
691 3448 733 3516 da
757 3468 858 3514 causa
873 3449 981 3514 Rhodi
1004 3470 1134 3532 quoquc
1157 3452 1270 3533 plures
1284 3453 1389 3517 tribus

248 3549 348 3615 fuisse
378 3550 543 3617 existimo.
590 3553 795 3618 Achaeorum
823 3553 956 3636 quidem
985 3554 1089 3620 tribus
1116 3561 1152 3618 ut
1181 3555 1311 3640 Argus)
1341 3556 1389 3622 ita

248 3652 355 3718 Rhodi
379 3673 509 3736 quoquc
534 3654 635 3722 fuisse
658 3655 836 3723 verisimile
860 3663 924 3738 est,
956 3657 1044 3740 quod
1066 3656 1188 3723 Rhodii
1210 3660 1388 3724 maximam

251 3827 457 3836 ——-—..-—.

366 3941 555 4001 Schneiderw.
574 3962 645 4000 anm.
664 3947 705 4000 11.

365 4027 553 4084 Schneiderw.
572 4047 599 4098 p.
618 4031 659 4099 11,
678 4046 749 4086 anm.
768 4031 794 4085 6.
870 4063 872 4070 .
