3096 4874
734 338 928 402 ..6-

264 527 350 590 quae
379 528 447 573 vox
479 507 647 575 civitatem
677 507 826 573 indicare
854 495 947 574 solet.
992 508 1074 573 Item
1103 511 1192 593 apud
1219 509 1399 577 Diodorum

263 612 403 697 legimus
431 618 506 696 post
534 610 646 678 urbem
675 612 888 679 aDemetrio
918 612 1084 678 obsessam
1114 633 1267 699 magnum
1292 635 1399 682 servo·

263 737 334 782 rum
363 731 532 781 numerum
562 715 651 780 cives
681 713 788 780 factos
818 716 930 800 essc1).
975 716 1051 782 Toti
1075 715 1322 783 Atheniensium
1345 738 1399 801 po-

263 821 341 904 pulo
365 839 385 884 a
407 818 546 885 Rhodiis
568 817 736 884 civitatem
760 817 870 883 datam
895 839 965 886 esse
988 819 1103 884 Livius
1126 825 1240 884 auctor
1263 821 1351 904 est2).

351 923 532 1001 Quamnam
566 928 693 1005 partem
728 921 934 1004 reipublicae
963 922 1165 988 Rhodiorum
1202 922 1290 988 cives
1319 923 1399 990 obti-

264 1027 395 1094 nuerint
424 1031 457 1091 et
485 1024 574 1109 quod
605 1024 640 1089 in
670 1024 805 1093 civitate
830 1028 885 1105 jus
915 1024 1107 1108 habuerint,
1138 1028 1400 1094 memoriaenon

263 1130 418 1195 traditum
442 1136 500 1196 est.
520 1126 796 1194 Consentaneum
820 1136 930 1194 autem
954 1133 1012 1212 est,
1036 1149 1093 1196 eos
1106 1127 1285 1213 praecipue
1302 1129 1400 1210 cives,

264 1233 322 1314 qui
352 1233 441 1298 cives
464 1231 534 1296 nati
564 1237 689 1314 essent,
721 1231 887 1310 omnibus,
918 1251 1003 1316 quae
1033 1232 1153 1297 civium
1183 1251 1255 1298 usse
1285 1233 1400 1316 solent,

193 1338 196 1343 '
258 1336 391 1418 juribus
425 1353 502 1400 usos
537 1353 608 1400 esse
637 1332 908 1416 publicorumque
940 1334 1165 1418 consiliorum,
1188 1335 1401 1417 judiciorum,
1455 1383 1456 1387 ,

263 1437 514 1521 magistratuum
556 1436 735 1520 participes
774 1435 889 1502 fuisse.
950 1437 1036 1502 Num
1075 1438 1157 1503 baec
1194 1438 1236 1504 iis
1272 1457 1401 1522 quoque

263 1541 433 1626 licuerint,
458 1539 578 1624 quibus
603 1540 720 1606 civitas
745 1540 824 1606 data
846 1549 926 1624 erat,
949 1561 1026 1606 num
1049 1542 1191 1624 publicis
1214 1544 1402 1609 muneribus

264 1643 373 1729 fungi,
404 1643 589 1710 contionem
619 1643 730 1726 adire,
761 1643 805 1708 ad
828 1663 970 1710 summos
992 1644 1130 1711 honores
1152 1644 1324 1728 adspirare
1348 1667 1402 1730 po-

265 1749 395 1827 tuerint,
419 1747 477 1814 vix
501 1747 567 1814 dici
590 1747 703 1831 possit.

352 1851 552 1917 Rhodiorum
580 1857 790 1934 masuerum,
814 1851 869 1933 qui
899 1851 1067 1934 dicuntur,
1098 1852 1140 1918 de
1171 1853 1289 1935 quibus
1317 1853 1404 1918 infra

260 1955 389 2040 agendi
413 1957 506 2021 locus
530 1954 599 2038 erit,
623 1953 837 2037 praecipuum
858 1974 976 2020 munus
998 1953 1069 2032 luit,
1094 1962 1129 2020 ut
1151 1955 1354 2037 inquirerent
1369 1957 1403 2020 in

173 2123 175 2126 .
266 2080 322 2126 eos
346 2047 460 2141 cives,
475 2057 531 2140 qui
554 2056 608 2123 vel
636 2054 739 2138 spurii
767 2057 837 2122 nati
866 2063 975 2123 essent
1003 2057 1056 2123 vel
1079 2056 1211 2122 omnino
1236 2057 1403 2123 civitatem

264 2161 388 2246 injuria
410 2164 633 2243 usurpassent.
678 2157 750 2235 Quo
775 2159 861 2226 enim
884 2161 959 2244 plus
982 2159 1143 2226 commodi
1167 2180 1210 2227 ex
1232 2161 1305 2244 ipsa
1325 2159 1403 2225 civi-

265 2271 333 2332 tate
356 2262 574 2345 redundabat,
599 2283 637 2329 eo
660 2261 790 2329 avidius
812 2262 959 2329 homines
983 2284 1054 2330 eam
1079 2263 1305 2349 concupivisse
1330 2284 1404 2329 con-

265 2376 458 2436 sentaneum
482 2372 541 2448 est,
565 2363 624 2430 sed
648 2386 720 2430 oum
744 2365 945 2448 amplissimo
969 2366 1031 2431 hoe
1054 2366 1176 2434 honore
1201 2365 1322 2449 dignus
1338 2387 1404 2430 non

264 2472 459 2552 haberetur,
483 2467 547 2534 nisi
571 2468 627 2551 qui
652 2468 692 2532 de
716 2468 889 2551 republica
912 2469 996 2535 bene
1019 2475 1107 2534 esset
1130 2468 1279 2551 meritus,
1303 2468 1403 2532 bomi-

264 2592 323 2642 ues
352 2593 447 2654 vero,
477 2571 533 2654 qui
563 2570 702 2636 adeam
726 2571 960 2654 obrepsissent,
985 2569 1150 2653 peregrini
1174 2575 1273 2652 atque
1295 2569 1403 2653 inqui-

264 2676 340 2758 lini,
370 2694 523 2759 magnam
552 2679 679 2756 partem
701 2693 721 2738 a
744 2673 842 2756 plebe
865 2671 994 2736 oriundi
1018 2676 1139 2753 essent,
1163 2670 1235 2736 fieri
1257 2691 1324 2736 non
1346 2692 1402 2754 po·
1470 2671 1472 2676 ’

265 2780 337 2860 tuit,
360 2786 405 2862 ut,
431 2776 519 2861 quod
543 2797 623 2860 prae
647 2776 748 2842 animi
771 2775 997 2841 imbecillitate
1021 2774 1141 2840 virtute
1164 2795 1203 2839 ao
1215 2775 1292 2856 jure
1316 2794 1404 2840 asse·
1432 2809 1435 2816 ·

266 2882 322 2964 qui
351 2903 417 2948 non
447 2887 597 2965 possent,
621 2899 685 2944 uon
709 2879 842 2964 saepius
866 2878 1081 2946 clandestinis
1103 2877 1404 2944 machinationibus

266 2993 299 3052 et
327 2983 474 3051 artificiis
503 2983 567 3049 sibi
596 2983 767 3066 acquirere
797 2982 987 3052 enixissime
1017 2982 1196 3049 studerent.
1248 2982 1324 3046 Non
1353 2989 1404 3048 est

265 3089 374 3173 igitur,
400 3077 490 3170 quod
506 3085 670 3168 miremur,
693 3085 781 3150 hunc
805 3084 915 3150 dolum
938 3086 1059 3150 malum
1083 3084 1213 3168 legibus
1229 3083 1403 3151 vehemen-

265 3197 315 3262 ter
338 3189 539 3255 vindicatum
563 3207 645 3254 esse.

609 3357 1039 3442 §zbwmfflm

353 3478 543 3545 Confluebat
572 3477 738 3562 Rhodum,
769 3479 803 3543 in
827 3480 1005 3563 emporium
1029 3479 1156 3546 scilicet
1180 3477 1403 3562 frequentissi-

265 3603 353 3649 mum
377 3602 415 3648 ac
439 3588 568 3666 portum
591 3582 691 3647 totius
714 3581 784 3648 fere
808 3582 896 3648 orbis
918 3590 1077 3648 terrarum
1101 3601 1317 3665 communem,
1336 3601 1403 3646 om-

266 3684 468 3770 nis‘generis
491 3686 738 3769 peregrinorum
760 3685 888 3750 infinita
911 3685 1095 3764 multitudo,
1118 3704 1205 3750 nunc
1219 3685 1403 3750 litterarum

265 3789 450 3872 artiumque
479 3794 511 3853 et
540 3787 628 3853 vitae
657 3788 747 3854 laute
778 3794 877 3872 atque
901 3787 1082 3870 eleganter
1095 3785 1267 3870 degendae
1291 3805 1403 3868 causa,

265 3912 354 3958 nunc
369 3890 572 3976 opificiorum
590 3896 622 3955 et
637 3896 844 3956 mercaturae
861 3888 1069 3955 exercendae
1085 3887 1229 3969 indeque
1246 3894 1404 3970 quaestus

265 3995 413 4062 faciundi
448 4015 565 4077 eausa,
600 3994 692 4059 velut
727 3993 1062 4078 statuariikquorum
1096 3992 1229 4057 nomina
1258 3990 1404 4074 ipsorum

267 4120 400 4183 operum
416 4098 610 4182 fragmentis
624 4097 718 4162 nobis
734 4097 855 4163 tradita
872 4085 955 4179 sunt,
970 4095 1148 4161 maximam
1165 4101 1291 4177 partem
1308 4113 1403 4177 pere-

336 4267 605 4336 nmmm

335 4353 568 4423 mmmm
