3096 4874
747 340 963 402 ..32-

269 513 377 595 archi,
407 511 468 578 sed
495 511 558 575 hoc
586 507 665 577 inde
693 505 912 590 repetendum
943 502 1091 586 videtur,
1122 503 1226 587 quod,
1256 509 1292 569 ut
1321 510 1415 570 recte

269 611 600 682 Schneiderwirthius
632 607 831 695 cognovitl),
855 615 923 674 tum
946 608 1010 674 tria
1031 606 1169 674 Rhodiis
1190 608 1281 674 bella
1304 607 1415 674 diver-

270 720 315 786 sis
338 718 420 787 locis
438 716 584 801 gerenda
604 721 708 782 erant.
738 713 821 780 Item
839 713 872 777 in
892 711 928 776 O.
945 710 975 775 J.
989 710 1028 776 d.
1047 732 1079 776 n.
1093 712 1178 777 2525
1194 710 1259 776 duo
1271 710 1415 775 Rhodio-

270 844 340 888 rum
359 820 518 888 nauarchi
529 821 747 900 nominantur,
763 837 824 883 nec
842 822 951 883 tamen
970 827 1050 899 puto
1062 815 1121 882 hos
1135 815 1252 881 eodem
1265 821 1414 898 tempore

270 944 388 990 munus
427 921 569 1006 gessisse
620 920 678 986 red
719 921 861 985 alterum
901 917 998 984 alteri
1037 917 1250 1000 successisse,
1295 916 1416 1000 quodsi

272 1026 459 1094 Boeckhius
491 1024 525 1088 in
559 1024 656 1107 hujus
686 1022 773 1088 tituli
804 1019 922 1085 litteris
951 1019 1107 1086 extremis
1136 1020 1224 1086 tertii
1253 1019 1417 1086 nauarchi

272 1150 388 1198 nomen
418 1129 520 1196 latere
557 1125 759 1210 suspicatur,
789 1125 974 1190 Foucartus
1002 1122 1089 1190 hunc
1117 1125 1226 1189 locum
1255 1143 1312 1190 suo
1337 1123 1416 1206 jure

272 1235 369 1302 aliter
391 1232 572 1310 restitutis.

359 1332 441 1397 Oum
470 1330 656 1396 nauarchus
684 1330 735 1394 vir
757 1331 899 1413 ignavus
921 1327 1161 1411 inveniebatur,
1183 1328 1270 1393 alius
1293 1347 1352 1411 pro
1376 1350 1416 1396 eo

273 1436 446 1502 creabatur
455 1434 493 1520 ³).
539 1434 621 1517 Sed,
655 1455 729 1500 cum
760 1432 921 1499 nauarchi
950 1452 1067 1498 munus
1096 1430 1230 1497 maximi
1258 1432 1417 1498 momenti

170 1531 172 1538 ’
273 1546 374 1619 esset,
404 1538 448 1605 ad
477 1539 563 1604 hunc
586 1538 812 1622 magistratum
838 1535 1021 1620 gerendum
1043 1555 1107 1600 non
1130 1534 1192 1600 nisi
1216 1535 1301 1601 tales
1324 1535 1417 1602 cives

273 1642 495 1726 eligebantur,
526 1661 662 1724 quorum
690 1641 795 1706 virtus
828 1645 977 1722 spectata
1006 1645 1109 1720 esset,
1133 1657 1194 1704 neo
1217 1657 1290 1704 raro
1313 1636 1416 1706 iidem
1527 1671 1528 1684 ,

273 1741 432 1810 nauarchi
454 1742 488 1806 in
510 1741 606 1807 varia
629 1742 717 1808 bella
740 1740 844 1808 creati
866 1746 951 1806 sunt.

359 1846 434 1911 Jam
458 1852 493 1910 ut
517 1846 559 1912 de
574 1844 778 1910 Rhodiorum
809 1843 907 1909 classi
930 1842 1060 1926 bellica,
1085 1863 1170 1927 quae
1187 1844 1254 1910 dici
1268 1850 1417 1928 possunt,
1527 1847 1528 1854 ’

274 1968 492 2032 exponamus,
517 1945 638 2012 Rhodii
663 1946 711 2012 rei
734 1947 866 2012 navalis
889 1945 1079 2028 peritissimi
1101 1968 1121 2010 a
1143 1947 1240 2014 Floro
1264 1949 1417 2014 nauticus

274 2052 416 2135 populus
446 2051 695 2134 appellanturl),
726 2050 782 2134 qui
810 2051 844 2115 in
872 2049 970 2116 bellis
999 2050 1174 2116 navalibus
1196 2071 1276 2134 prae
1300 2051 1418 2119 ceteris

275 2156 494 2222 excellebant.
541 2154 634 2232 Quae
648 2154 852 2220 Rhodiorum
870 2155 978 2222 virtus.
988 2174 1142 2238 magnam
1157 2161 1284 2238 partem
1301 2157 1416 2223 deberi

275 2257 406 2326 videtur
447 2258 740 2325 exercitationibus
781 2259 863 2341 illis,
907 2258 1027 2339 quibus
1061 2257 1263 2324 Rhodiorum
1297 2259 1426 2343 ephebi

273 2363 374 2427 etiam
396 2361 490 2446 pacis
511 2361 715 2444 temporibus
738 2381 872 2444 operam
898 2360 1032 2439 dabant,
1054 2359 1101 2426 ita
1117 2368 1153 2426 ut
1168 2357 1415 2429 exercitationis
1527 2365 1528 2377 ¹

275 2484 376 2531 causa
399 2463 488 2547 ipsas
513 2461 747 2547 expeditiones
770 2461 938 2545 facerent;
962 2481 1061 2543 quam
1083 2482 1151 2528 rem
1174 2464 1355 2531 Fouaartus
1370 2485 1414 2530 ex
1526 2529 1527 2536 ,

275 2569 341 2634 illis
382 2568 505 2650 verbis,
553 2586 638 2648 quae
679 2566 813 2648 saepius
853 2566 887 2631 in
928 2565 1033 2631 titulis
1066 2565 1203 2634 Rhodiis
1242 2576 1416 2634 occurrunt

276 2668 564 2758 στρατευσάμενος
588 2669 675 2732 κατὰ
698 2666 850 2752 πόλεμον
870 2669 1035 2752 sagaciter
1051 2669 1228 2754 concludit,
1246 2691 1320 2736 cum
1334 2672 1415 2736 haec

277 2777 378 2844 verba
422 2772 665 2840 intolerabilem
708 2774 935 2858 pleonasmum
979 2772 1192 2856 praeberent,
1230 2773 1294 2838 nisi
1331 2775 1416 2838 κατὰ
1526 2817 1527 2820 ¹

279 2878 430 2962 πόλεμον
454 2876 685 2962 opponendum
708 2885 794 2943 esset
817 2873 884 2940 κατ’
910 2873 1052 2962 εἰρήνην.
1082 2877 1134 2942 Ita
1156 2875 1280 2942 factum
1302 2885 1360 2962 est,
1381 2886 1416 2944 ut
1526 2911 1527 2918 κ

278 2981 479 3047 Rhodiorum
497 2979 658 3062 juventus
681 2979 816 3045 navium
839 2979 1038 3062 peritissima
1060 2980 1160 3062 fieret,
1183 2987 1216 3047 et
1230 3000 1296 3044 non
1312 2981 1416 3047 solum
1526 3029 1527 3036 ,

278 3082 444 3149 tenuiores
461 3081 519 3148 sed
532 3080 632 3148 etiam
643 3081 848 3148 honestiores
860 3082 924 3146 arti
936 3082 1090 3149 nauticae
1102 3103 1235 3165 operam
1246 3092 1416 3151 navarent.

279 3185 481 3252 Rhodiorum
489 3189 628 3254 classem
640 3185 818 3269 praecipue
827 3184 1001 3268 juventute
1009 3192 1199 3254 exornatam
1213 3185 1415 3255 fuissetitulo

279 3289 422 3372 quodam
445 3289 618 3372 Rhodi05),
643 3288 853 3354 confirmatur
876 3309 917 3355 ex
941 3309 1006 3372 quo
1021 3280 1105 3354 ratio
1123 3285 1253 3373 quoque
1269 3299 1415 3374 apparet,

279 3413 345 3476 quo
368 3391 571 3459 Rhodiorum
581 3393 740 3476 Juventus
760 3391 795 3455 in
814 3391 925 3458 varias
937 3393 1166 3459 classisnaves
1179 3393 1353 3461 distributa
1367 3394 1415 3460 sit.

281 3496 405 3574 Quodsi
434 3497 517 3562 civis
543 3496 617 3579 ille,
648 3495 741 3578 cujus
770 3515 884 3562 cursus
911 3496 1072 3562 honorum
1099 3496 1133 3561 in
1161 3496 1222 3561 hoc
1244 3497 1339 3563 titulo
1363 3497 1417 3563 de-

280 3599 451 3683 scribitur,
475 3600 586 3681 initio,
610 3620 684 3667 oum
700 3599 803 3684 primo
826 3598 1028 3682 expeditioni
1049 3599 1190 3666 bellicae
1206 3600 1417 3685 interfuisset,

282 3702 402 3768 dicitur
437 3707 595 3786 τιμαθεὶς
631 3701 699 3768 ὕπὸ
733 3693 799 3768 cclv
835 3699 1020 3766 ἀλικιωτῶν
1053 3700 1114 3766 τοῦ
1142 3701 1257 3768 κοινοῦ
1286 3703 1418 3768 θαλλοῦ

282 3804 439 3892 στεφάνῳ
470 3815 608 3891 apparet
637 3807 782 3892 ephebos
811 3827 874 3872 non
898 3804 1000 3872 fuisse
1022 3812 1192 3890 separatos
1214 3805 1273 3874 sed
1297 3813 1417 3874 certam

281 3929 485 3941 -—.-...

351 3998 366 4049 1
399 3995 590 4053 Schneiderw.
610 4013 638 4065 p.
657 3998 716 4051 162.

400 4080 682 4151 Rthm

402 4252 499 4308 Florus
517 4254 542 4320 2,
561 4254 585 4308 7.

350 4080 380 4234 11
399 4167 500 4236 Polyb,
513 4168 560 4236 ⁴33,
584 4170 628 4236 153
645 4165 730 4221 Diod.
750 4167 792 4234 31,
809 4167 852 4221 41.

351 4251 645 4408 thHnL
