3096 4874
605 339 819 403 ..23-

236 506 370 574 Seilieet
392 515 524 591 praeter
540 527 662 591 magna
679 509 812 574 eomitia
828 509 973 575 omnium
985 510 1187 577 Rhodiorum
1203 529 1289 575 eom·

149 615 262 676 munia
289 612 493 694 singularum
517 631 648 695 quoque
678 612 808 679 insulae
831 614 1002 679 civitatum
1026 615 1195 681 contiones
1218 613 1289 680 fue·

149 723 234 782 runt.
279 716 318 778 In
341 716 391 780 his
415 716 546 796 quidem
572 716 778 798 Lindierum,
803 716 1057 799 Oamirensium,
1083 717 1289 801 Jalysiorum

150 817 373 899 contionibus,
396 826 433 883 ut
455 839 498 885 ex
521 819 751 903 psephismatis
774 828 927 904 apparet,
951 821 1103 886 nonnisi
1127 820 1168 886 de
1192 820 1289 885 rebus

150 923 193 986 ad
222 941 317 987 saera
345 922 603 1005 pertinentibus,
633 923 675 990 de
698 923 826 989 eiribus
848 923 1028 989 laudandis
1051 925 1104 989 vel
1129 943 1289 989 eoronan-

150 1025 200 1091 dis
230 1027 283 1091 vel
312 1025 455 1108 publicis
482 1025 658 1091 honoribus
688 1025 844 1091 ornandis
869 1024 1010 1108 denique
1034 1025 1075 1092 de
1098 1026 1139 1091 iis
1162 1033 1289 1092 tantum

148 1129 254 1214 rebus,
279 1145 365 1211 qnae
388 1127 590 1210 singularum
615 1128 785 1193 eivitatnm
808 1129 962 1211 propriae
987 1135 1106 1210 essent,
1123 1127 1288 1195 delibera-

149 1232 256 1296 batur.
309 1230 462 1296 Ceterum
492 1230 695 1314 singulorum
725 1231 897 1296 civitatum
927 1231 1123 1315 oppidorum
1152 1238 1188 1296 ut
1215 1252 1290 1316 pro-

149 1333 257 1416 prium
278 1341 427 1399 senatum
450 1333 498 1396 ita
519 1334 686 1416 propriam
710 1335 894 1401 contionem
916 1334 1018 1400 fuisse
1035 1353 1079 1400 ex
1094 1333 1191 1400 titulo
1209 1355 1289 1417 quo-

150 1437 227 1500 dam
261 1457 282 1500 a
308 1435 485 1502 Newtonio
514 1436 604 1502 edito
616 1436 639 1520 ¹)
670 1437 824 1502 eoneludi
853 1445 968 1520 potest.
1027 1438 1144 1520 Neque
1173 1436 1208 1500 in
1239 1438 1289 1503 his

151 1538 358 1604 contionibus
386 1539 568 1622 quidquam
596 1539 688 1604 aliud
717 1539 850 1605 videtur
871 1540 1087 1605 deliberatum
1112 1559 1201 1622 esse,
1225 1540 1292 1605 nisi·

151 1663 237 1726 quae
266 1642 309 1707 ad
336 1644 444 1723 ipsum
473 1662 594 1726 pagum
623 1643 840 1726 pertinerent,
871 1645 963 1707 velut
992 1663 1036 1708 ex
1064 1643 1160 1707 titulo
1190 1643 1288 1709 eitato

156 1752 293 1828 apparet
321 1745 515 1812 soeietatnm
548 1745 591 1810 ad
626 1765 720 1811 saera
749 1746 983 1829 pertinentium
1012 1746 1146 1811 deereta
1174 1745 1209 1809 in
1239 1745 1290 1811 his

153 1866 309 1930 pagorum
333 1847 540 1914 emtionibus
561 1849 689 1914 saneita
712 1868 791 1914 esse.

549 2103 570 2189 5
593 2103 626 2168 9.
671 2104 723 2171 lle
747 2103 887 2172 senatu.

234 2253 437 2318 Rhodiorum
466 2261 635 2321 senatores
658 2255 748 2337 apud
770 2254 974 2340 Hesyohium
996 2254 1144 2342 μάστροι
1168 2279 1289 2324 voean-

48 2387 49 2452 3
147 2364 216 2439 tur,
241 2376 306 2439 quo
329 2358 459 2424 nomine
481 2357 516 2420 in
539 2357 644 2423 titulis
667 2378 733 2424 non
756 2358 819 2423 nisi
843 2356 1050 2439 Lindiorum,
1079 2359 1288 2446 Ialysiorum,

154 2459 393 2525 Camirensium
430 2467 599 2527 senatores
633 2463 818 2544 appellatos
853 2481 926 2527 esse
961 2463 1111 2544 legimus.
1163 2464 1290 2541 Quodsi

152 2565 337 2646 quaeritur,
362 2585 440 2628 num
463 2562 564 2630 iidem
589 2565 799 2648 magistratus
822 2565 902 2645 sint,
926 2565 1128 2650 Lindiorum,
1152 2567 1291 2652 Ialysio-

147 2688 229 2750 rum,
246 2665 481 2733 (lamirensium
504 2666 649 2754 μάστροι
672 2689 712 2732 ae
728 2668 928 2734 Rhodiorum
952 2677 1130 2753 senatores,
1149 2690 1287 2753 quornm

49 2790 50 2832 r
149 2771 328 2852 collegium
356 2772 390 2835 in
419 2773 523 2838 titulis
553 2768 705 2852 ‹iptovlu'
727 2781 878 2854 vocatur,
902 2772 988 2838 inter
1013 2771 1096 2837 duos
1118 2775 1290 2858 magistra·

149 2883 203 2940 tus
233 2895 305 2940 eam
334 2876 494 2942 rationem
517 2875 704 2942 interfuisse
722 2875 932 2958 crediderim,
957 2882 992 2941 ut
1014 2874 1218 2941 Rhodiorum
1241 2897 1289 2943 se-

50 3031 51 3038 ,
149 2984 283 3044 natores
311 2999 332 3042 a
359 2979 528 3046 veteribus
549 2978 696 3058 mastris,
722 2978 835 3061 quiin
859 2978 979 3045 esteris
1002 2978 1130 3044 insulae
1154 2979 1291 3045 urbibus

151 3081 252 3147 etiam
281 3090 354 3165 post
377 3082 530 3148 Rhodum
554 3083 666 3146 urbem
691 3079 858 3146 conditam
885 3081 945 3145 hoe
967 3081 1038 3162 ipso
1062 3080 1193 3146 nomine
1216 3101 1289 3164 per-

48 3173 51 3193 '
148 3186 345 3268 manserint,
376 3185 586 3270 amplifieatis
615 3193 715 3267 atque
745 3185 851 3249 aretis
877 3184 1069 3249 muneribus
1097 3185 1228 3249 oriundi
1258 3192 1290 3250 et

48 3283 49 3292 ’
148 3287 290 3371 profesti
319 3289 394 3354 sint.
446 3289 536 3354 Idem
559 3287 771 3372 Bernhardyo
802 3306 994 3371 persuasum
1025 3284 1125 3352 fuisse
1149 3287 1288 3368 videtur,

148 3392 207 3474 qni
230 3392 390 3476 Hesyohii
422 3394 531 3458 loeum
555 3391 678 3457 Suidae
701 3398 734 3458 et
757 3389 1017 3473 Harpoeratonis
1031 3383 1084 3474 (s.
1108 3411 1138 3454 v.
1161 3390 1288 3474 μαστῆ-

149 3515 203 3577 ρες
233 3501 265 3558 et
294 3494 444 3578 ζητηταί)
475 3493 636 3560 rationem
666 3493 791 3558 habeus
821 3491 1039 3574 probabiliter
1060 3493 1107 3558 ita
1129 3492 1287 3559 restituit:

147 3594 313 3682 μάστροι·
344 3596 377 3661 οἱ
404 3598 501 3684 παρὰ
520 3595 663 3670 Ῥοδίοις
691 3595 907 3682 ponderatiore
938 3593 982 3674 [οἱ
1009 3599 1065 3656 καὶ
1094 3594 1276 3681 μαστῆρες]

149 3721 225 3766 eum
253 3699 420 3786 μαστῆρες
449 3701 537 3767 idem
566 3699 730 3783 significet
751 3718 790 3763 ae
812 3695 969 3783 μάστροι.
1014 3698 1215 3763 Rhodiorum
1239 3721 1288 3766 se·

149 3809 285 3870 natores
320 3811 394 3888 post
421 3803 574 3870 Rhodum
601 3804 718 3868 urbem
748 3801 915 3867 eonditam
948 3821 1068 3867 nomen
1097 3808 1289 3868 mastrorum

150 3907 334 3992 retinuisse,
359 3908 464 3974 titulis
487 3908 619 3992 quidem
642 3928 708 3973 non
729 3912 885 3972 testatum
909 3911 967 3986 est,
992 3904 1050 3972 sed
1072 3915 1213 3990 nonest,
1232 3929 1290 3972 eur

150 4009 318 4094 Hesyohio
347 4011 446 4077 fidem
476 4011 663 4077 habendam
696 4029 769 4076 esse
791 4029 963 4092 negemus,
989 4009 1044 4091 qui
1067 4029 1179 4076 omnes
1203 4010 1290 4076 Rho-

150 4111 280 4178 diorum
302 4122 470 4180 senatores
492 4123 632 4181 mastres
655 4114 841 4198 appellatos
865 4131 937 4178 esse
959 4111 1053 4178 testis
1076 4119 1134 4178 est.

223 4353 248 4422 1)
268 4355 365 4411 Journ.
385 4353 415 4408 of
432 4355 496 4410 hell.
516 4360 548 4408 st.
572 4353 639 4406 1881
664 4352 718 4406 l.1.
