3096 4874
644 327 859 392 ..43-

160 519 267 581 ¹qnae
296 496 543 580 magistratibus
572 518 706 565 munere
729 500 814 567 bene
837 499 958 568 functis
982 502 1133 586 contigit,
1158 501 1319 584 quodam-

180 596 278 668 modo
303 603 443 686 exlege
467 602 612 670 debitam
636 601 738 669 fuisse
762 603 938 670 admodum
961 604 1138 672 verisimile
1162 613 1220 672 est.
1259 603 1319 671 Ge-

180 713 286 774 terum
308 705 392 772 alios
415 725 545 788 quoque
569 705 714 790 cujusvis
737 705 862 773 ordinis
884 707 975 773 cives
990 707 1032 774 de
1048 707 1219 792 republica
1233 707 1318 774 bene

179 809 313 876 meritos
341 827 385 875 ex
421 807 553 876 decreto
582 809 736 875 laudatos
765 827 839 876 esse
867 810 1000 893 scimus,
1029 811 1076 876 ita
1104 815 1142 876 nt
1169 809 1318 876 laudatio

175 909 374 994 jungeretur
402 929 475 976 eum
505 910 581 976 aliis
602 910 791 976 honoribus.
839 910 914 987 Qua
935 911 969 976 in
993 909 1152 977 honorum
1175 913 1319 977 cumula·

180 1011 270 1078 tione
294 1032 366 1078 cum
390 1012 616 1078 laudationem
639 1033 769 1096 semper
792 1013 931 1096 primum
953 1015 1061 1079 locum
1077 1019 1191 1081 tenere
1207 1014 1318 1082 videa-

178 1136 267 1198 mus,
297 1114 384 1180 hune
413 1114 603 1199 primarium
633 1115 735 1182 fuisse
764 1115 920 1182 honorem
950 1122 1103 1199 apparet,
1134 1136 1231 1197 quem
1254 1117 1318 1200 pri·

178 1241 266 1288 mum
289 1218 438 1285 nancisci
462 1217 615 1299 debebat,
640 1221 697 1302 qni
719 1220 764 1285 ad
787 1226 913 1286 ceteros
936 1218 1140 1302 adspirabat.

654 1413 836 1493 Στέφανος.

266 1547 429 1614 Laudatio
458 1547 618 1631 imprimis
641 1547 740 1630 jungi
762 1547 894 1616 solebat
917 1564 990 1611 oum
1014 1565 1149 1624 corona,
1174 1547 1317 1628 quaein

177 1653 337 1718 honorum
366 1651 481 1718 ordine
511 1651 690 1717 secundnm
719 1653 827 1716 locum
857 1656 957 1716 tenet.
1003 1647 1204 1714 Coronarum
1228 1650 1318 1733 apud

180 1756 327 1822 Rhodios
357 1755 421 1819 dno
444 1755 623 1838 praecipue
646 1774 770 1837 genera
792 1754 948 1820 videntur
970 1752 1082 1835 fnisse,
1107 1753 1262 1836 oleagina
1286 1761 1318 1820 et

180 1881 296 1942 aurea,
329 1879 465 1942 quarum
490 1858 550 1923 illa
574 1857 743 1940 antiquior
765 1865 850 1938 erat,
881 1857 941 1924 sed
963 1857 1094 1922 invecto
1117 1875 1196 1920 mox
1217 1863 1317 1940 atque

184 1963 298 2030 diffuso
328 1983 408 2028 auro
437 1963 569 2028 Persico
600 1981 704 2043 eoque
735 1961 829 2027 brevi
859 1960 1007 2025 moribus
1031 1959 1131 2025 etiam
1156 1959 1318 2042 corruptis

180 2087 219 2132 ac
250 2065 440 2150 depravatis
470 2085 593 2132 aureae
623 2085 764 2132 coronae
795 2063 872 2129 endi
903 2083 943 2129 ac
971 2065 1073 2129 multo
1097 2082 1195 2145 qnam
1218 2069 1318 2130 antea

179 2168 385 2252 frequentius
415 2167 566 2233 distribui
595 2175 732 2251 coeptae
757 2175 846 2250 sunt,
871 2185 1068 2250 quamquam
1091 2187 1133 2233 ne
1154 2172 1222 2231 tum
1246 2167 1317 2248 qui·
1343 2246 1345 2251 .

178 2264 254 2338 dem
278 2272 433 2356 oleagina
457 2270 528 2335 dari
553 2269 665 2354 desiit,
689 2270 848 2354 imprimis
871 2271 1048 2336 societates
1068 2269 1147 2334 illae
1164 2268 1206 2332 ad
1222 2289 1317 2334 sacra

176 2377 382 2461 pertinentes
410 2375 508 2440 sociis
532 2375 763 2440 benemeritis
787 2374 959 2456 oleaginas
983 2393 1123 2439 coronas
1146 2372 1271 2437 dabant
1280 2371 1315 2456 1).

178 2479 309 2544 Corona
338 2477 506 2544 0011011110
534 2477 640 2543 honor
669 2476 732 2542 fuit
753 2477 904 2543 ludorum
927 2477 1086 2542 victorum
1109 2475 1317 2541 1110111110-

177 2603 264 2665 rum,
289 2580 532 2665 Olympiorum,
557 2579 764 2662 Pythiornm,
788 2579 1008 2646 Nemaeornm
1037 2581 1084 2646 ita
1106 2578 1214 2644 Rhodi
1238 2597 1317 2660 qno·

177 2705 241 2768 que
275 2685 463 2765 Heliorum,
500 2702 584 2766 quae
618 2677 671 2748 res
707 2683 749 2747 ab
779 2683 862 2748 Istro
896 2703 1005 2750 rernm
1041 2682 1201 2765 scriptore
1229 2681 1317 2746 affir-

176 2788 324 2872 matur2).

683 2953 803 3022 Εἶκών.

263 3097 433 3163 Altissima
456 3095 574 3160 artium
598 3096 738 3161 scientia
759 3096 900 3161 adduxit
916 3094 1071 3178 Graecos,
1095 3103 1131 3160 nt
1145 3096 1179 3160 in
1196 3096 1316 3162 civium

155 3221 308 3268 suorum
333 3198 512 3265 honoribus
536 3206 568 3264 et
591 3200 760 3264 oculorum
783 3199 947 3282 voluptati
970 3206 1003 3266 et
1025 3199 1115 3264 urbis
1139 3200 1236 3264 etiam
1261 3199 1316 3265 de·

177 3304 246 3370 cori
275 3325 314 3369 ao
344 3302 470 3387 gloriae
499 3301 678 3368 studerent.
723 3301 840 3385 Itaque
867 3303 942 3368 loca
970 3309 1037 3366 tam
1061 3302 1195 3384 publica
1218 3322 1315 3382 quam

176 3407 306 3492 privata
340 3414 407 3477 tam
443 3425 538 3472 sacra
568 3424 666 3487 quam
696 3404 836 3488 profana
864 3406 1024 3470 bonorum
1055 3405 1176 3470 civium
1213 3405 1316 3488 signis

176 3510 300 3578 referta
322 3517 427 3592 erant,
451 3529 513 3576 nec
537 3509 708 3590 qnisquam
732 3509 812 3576 satis
836 3507 890 3573 diu
912 3507 1034 3574 vixisse
1051 3507 1114 3572 sibi
1130 3507 1314 3590 videbatur,

176 3613 240 3680 1101
264 3613 320 3697 qui
343 3612 474 3677 virtutis
496 3617 738 3677 monumentum
761 3612 795 3676 in
813 3612 893 3678 urbe
910 3619 966 3677 aut
982 3611 1074 3676 aliud
1093 3612 1178 3696 grati
1195 3611 1316 3676 civium

178 3717 280 3782 animi
315 3715 546 3782 documentum
582 3714 669 3780 domi
704 3716 844 3799 posteris
874 3717 1062 3798 reliquerat.
1115 3714 1212 3792 Quod
1242 3716 1342 3780 onm'

182 3821 216 3885 in
241 3820 396 3885 universa
420 3817 562 3884 Graecia
584 3826 652 3884 tum
675 3819 818 3885 maxime
833 3818 942 3884 Rhodi
965 3818 1089 3883 factum
1112 3837 1185 3884 esse
1200 3816 1315 3882 Aristi-

177 3922 236 3989 des
259 3922 293 3986 in
316 3921 488 3987 Rhodiaca
510 3921 692 4007 1001011113).

246 4093 274 4162 1)
293 4093 378 4160 aaa,
402 4093 429 4148 1,
454 4091 487 4147 e.
512 4092 549 4160 J,
577 4109 603 4146 n.
622 4078 693 4163 '2823
719 4093 754 4150 a.
781 4093 815 4147 A.
838 4093 915 4161 111,
940 4109 968 4150 n.
993 4091 1157 4161 1110010.
1182 4090 1315 4148 (11.0.

176 4178 403 4334 18811111ος1.
422 4263 488 4319 nat.
506 4281 546 4332 gr.
565 4264 587 4333 1,
607 4262 688 4332 frgm.
708 4266 749 4333 ao,
768 4265 811 4320 eo.
831 4264 926 4318 Dinon

246 4349 561 4419 mmffimu
