3096 4874
623 337 838 400 „41-

161 507 238 572 dine
263 506 417 574 videntur
439 506 613 573 inferiores
636 504 752 586 luisse,
778 526 852 572 cum
874 505 908 571 in
930 506 1025 572 titulo
1048 513 1122 591 post
1143 506 1219 574 illos
1243 529 1298 591 po·
1326 491 1328 494 ⁵

159 609 215 675 siti
241 609 316 677 sInt.

299 773 392 864 §17-
436 773 489 840 Ile
513 773 671 856 publicis
694 773 922 840 Rhodiorum
948 774 1162 841 honoribus.

245 899 283 963 In
320 895 470 982 plurimis
502 895 710 979 antiquitatis
743 895 1012 979 inscriptionibus
1046 897 1087 962 de
1121 897 1299 964 honoribus

157 1003 286 1088 agitur,
317 999 374 1084 qui
397 999 538 1082 singulis
561 998 688 1064 civibus
712 998 753 1063 de
776 999 884 1082 patria
906 1000 991 1066 bene
1014 997 1139 1066 meritIs
1161 1020 1182 1065 a
1203 1021 1299 1085 repu-

157 1107 247 1172 blica
274 1101 519 1186 contingebant.
565 1101 711 1178 Quorum
733 1101 892 1168 honorum
914 1101 1005 1187 apud
1028 1101 1174 1169 Graecos
1195 1105 1299 1168 multa

157 1231 199 1276 ac
226 1207 321 1274 varia
342 1224 466 1290 genera
489 1211 597 1288 erant,
625 1225 764 1288 quorum
786 1205 928 1288 plurima
950 1205 985 1270 in
1007 1205 1146 1272 Rhodiis
1169 1226 1299 1290 quoque
1362 1239 1367 1252 ·

157 1308 427 1396 inscriptionibus
439 1315 623 1374 occurrunt.
658 1307 865 1390 Quamquam
877 1307 940 1376 hae
951 1309 1184 1393 inscriptiones
1195 1311 1299 1376 maxi-

156 1435 245 1485 mam
267 1419 395 1497 partem
417 1412 461 1477 ad
484 1410 625 1476 Lindum
647 1411 828 1495 pertinent,
856 1418 966 1478 tamen
988 1431 1054 1476 non
1077 1418 1136 1494 est,
1161 1432 1218 1478 cur
1240 1433 1298 1497 pu-

156 1519 318 1584 blicorum
352 1515 511 1581 honorum
545 1514 708 1580 rationem
741 1514 775 1579 in
805 1513 923 1581 ceteris
951 1514 1079 1581 insulae
1109 1515 1297 1582 civitatibus

156 1621 258 1688 aliam
283 1618 384 1687 fuisse
408 1625 575 1704 putemus,
606 1637 679 1684 oum
703 1623 735 1684 et
757 1616 932 1683 sollemnia
954 1617 1059 1684 verba
1082 1626 1115 1685 et
1137 1619 1218 1684 ordo
1242 1617 1299 1686 ho·

155 1745 274 1791 norum
295 1723 329 1787 in
345 1722 451 1788 titulis
466 1719 603 1787 Rhodiis
613 1717 638 1804 ¹)
662 1720 781 1788 eadem
797 1719 862 1786 sint
877 1726 976 1805 atque
991 1720 1026 1784 in
1041 1721 1146 1787 titulis
1162 1721 1298 1788 Lindiis.

157 1827 369 1895 Ornabuntur
391 1831 500 1890 autern
516 1823 638 1890 Rhodii
660 1823 802 1908 publicis
825 1824 1002 1890 honoribus
1018 1826 1071 1890 vel
1086 1826 1128 1890 ab
1145 1826 1298 1893 universo

158 1932 277 2014 populo
307 1929 361 1995 vel
392 1948 413 1992 a
440 1927 580 2011 singulis
608 1927 736 1994 insulae
766 1926 955 1994 ciuitatibus
963 1928 989 2011 ²)
1020 1930 1073 1994 vel
1101 1949 1122 1994 a
1149 1930 1243 2014 pagis
1267 1937 1299 1996 et

159 2033 310 2118 gentibus
318 2029 344 2116 ³)
373 2033 427 2098 vel
456 2032 498 2097 ab
527 2031 652 2098 exteris
677 2029 910 2116 civitatibus4).
956 2029 1140 2099 Societates
1165 2053 1231 2097 non
1255 2032 1299 2097 ad

156 2157 226 2201 rem
249 2135 415 2220 publicam
442 2135 644 2219 pertinentes
667 2133 775 2200 socios
797 2132 975 2200 honoribus
997 2133 1129 2202 afficere
1153 2155 1217 2200 non
1242 2156 1298 2219 po·

154 2245 302 2322 tuerunt,
342 2238 535 2322 priusquam
575 2237 742 2303 decretum
783 2257 803 2300 a
842 2236 964 2320 populo
1004 2237 1167 2303 sancitum
1201 2247 1297 2305 esset.

154 2338 354 2406 Εὒθαλίδαι
378 2339 527 2424 quidem,
558 2339 649 2405 utin
673 2339 769 2405 titulo
795 2339 938 2422 quodum
960 2339 1089 2406 Rhodio
1099 2340 1124 2427 5)
1148 2341 1298 2426 legimus,

156 2465 231 2511 curn
261 2445 466 2511 Sosicratem
505 2464 660 2510 coronare
694 2444 831 2526 vellent,
866 2443 1039 2510 consilium
1074 2444 1206 2512 efficere
1234 2466 1298 2511 non

155 2554 346 2634 potuerunt,
369 2548 561 2632 priusquam
583 2568 605 2611 a
626 2545 839 2613 Nettidarum
862 2551 978 2611 senatu
1001 2567 1042 2612 ac
1064 2551 1188 2633 populo
1204 2569 1297 2640 sanc·

158 2658 229 2717 tum
253 2658 350 2718 esset.
561 2644 564 2648 ’
1257 2735 1259 2740 Ι
1287 2682 1290 2686 ·

245 2755 373 2820 Publici
411 2753 563 2820 honores·
585 2752 665 2818 viris
699 2752 740 2819 de
775 2752 947 2835 republica
975 2755 1060 2821 bene
1088 2754 1213 2820 meritis
1239 2776 1298 2838 pro

156 2857 320 2940 cujusque
343 2857 453 2923 laudis
476 2877 599 2942 genere
622 2856 679 2921 alii
702 2855 761 2920 alii
786 2854 958 2938 dabantur,
977 2875 1176 2940 quamquam
1193 2859 1299 2925 diver-

154 2959 203 3026 sis
231 2960 433 3044 temporibus
462 2960 556 3025 varia
584 2958 743 3025 honorum
771 2960 855 3025 ratIo
884 2959 1015 3026 videtur
1037 2958 1155 3044 fuisse,
1183 2961 1231 3027 ita
1253 2971 1298 3045 ut,

156 3083 232 3130 curn
255 3063 422 3148 prioribus
443 3061 648 3146 temporibus
670 3082 754 3129 unus
776 3069 903 3128 tantum
924 3063 978 3129 vel
996 3062 1061 3130 duo
1078 3063 1220 3131 honores
1235 3066 1298 3130 civi

153 3166 259 3231 alicui
283 3167 550 3248 concederentur,
574 3172 690 3249 postea
713 3165 832 3232 infiniti
855 3174 954 3249 atque
977 3165 1072 3233 effusi
1083 3166 1226 3250 junctim
1244 3167 1299 3234 de-

157 3269 333 3336 ferrentur.
371 3269 469 3337 Velut
492 3269 526 3334 in
549 3269 644 3335 titulo
663 3268 806 3352 quodam
821 3268 939 3335 Lindio
956 3268 1137 3336 Eualoidus
1151 3271 1299 3355 Lindius,

155 3393 256 3456 quem
287 3373 425 3456 primum
449 3372 640 3438 Lindiorum
670 3381 859 3438 coronatum
889 3393 960 3441 esse
983 3373 1138 3457 legimus,
1169 3382 1300 3458 praeter

154 3475 293 3542 laudem
324 3481 357 3542 et
386 3497 540 3542 coronam
564 3475 690 3540 nullum
715 3475 874 3542 honorem
897 3483 1016 3542 nactus
1038 3478 1138 3560 estu,
1168 3497 1242 3543 cum
1265 3479 1298 3544 in

155 3578 278 3645 ceteris
313 3580 503 3663 posterioris
536 3577 692 3662 temporis
725 3579 997 3663 inscriptionibus
1025 3581 1136 3665 plures
1159 3580 1300 3664 junctim

153 3682 298 3749 honores
321 3683 505 3749 enumerati
529 3683 604 3748 sint.
649 3683 767 3767 Neque
791 3684 922 3750 omnino
947 3683 1033 3748 inter
1055 3682 1173 3749 merita
1196 3690 1229 3750 et
1244 3683 1300 3751 ho-

155 3805 257 3852 nores
287 3791 379 3852 certa
408 3783 510 3852 fuisse
540 3786 624 3852 ratio
653 3786 795 3853 videtur.
842 3787 998 3851 Formulu
1021 3786 1204 3867 sollemnis,
1236 3807 1301 3870 qua

227 3951 256 4022 1)
275 3952 310 4007 R.
328 3952 362 4006 A.
381 3952 433 4020 XI,
452 3968 479 4006 n.
499 3953 513 4004 1
533 3969 560 4008 n.

227 4033 255 4106 2)
273 4035 357 4102 Ross,
378 4035 463 4102 Aren,
483 4035 565 4092 Aufs.
584 4036 619 4105 Π,
638 4037 656 4090 l.
675 4037 693 4092 l.
712 4054 739 4092 n.
757 4037 799 4091 23.

228 4120 256 4191 3)
276 4123 312 4179 R.
332 4122 366 4178 A.
385 4122 465 4191 Xlll,
484 4138 511 4178 n.
531 4123 555 4177 6.

227 4207 255 4278 4)
273 4209 310 4263 R.
329 4207 363 4264 A.
382 4207 431 4278 XI,
450 4226 477 4263 n.
496 4209 529 4274 ὃς
548 4209 613 4265 Liv.
625 4209 667 4278 31,
687 4210 729 4265 15.

99 4319 102 4324 ¹
227 4297 244 4349 5
275 4295 376 4350 Journ.
396 4294 427 4349 of
441 4293 508 4351 hell.
527 4301 563 4350 st.
585 4295 652 4350 1881
673 4295 729 4351 11.

228 4383 244 4435 6

246 4293 256 4450 d
275 4379 310 4436 R.
329 4379 365 4438 A.
383 4380 461 4449 XIII,
480 4397 506 4436 n.
526 4383 550 4436 6.
