<?xml version="1.0" encoding="UTF-8"?>
<!DOCTYPE html PUBLIC "-//W3C//DTD XHTML 1.0 Transitional//EN"
    "http://www.w3.org/TR/xhtml1/DTD/xhtml1-transitional.dtd">
<html xmlns="http://www.w3.org/1999/xhtml" xml:lang="en" lang="en">
 <head>
  <title>
</title>
<meta http-equiv="Content-Type" content="text/html;charset=utf-8" />
  <meta name='ocr-system' content='tesseract 3.04.00' />
  <meta name='ocr-capabilities' content='ocr_page ocr_carea ocr_par ocr_line ocrx_word'/>
</head>
<body>
  <div class='ocr_page' id='page_1' title='image "./derepublicarhod00bottgoog_0047.png"; bbox 0 0 3096 4874; ppageno 0'>
   <div class='ocr_carea' id='block_1_1' title="bbox 736 289 952 352">
    <p class='ocr_par' dir='ltr' id='par_1_1' title="bbox 736 289 952 352">
     <span class='ocr_line' id='line_1_1' title="bbox 736 289 952 352; baseline -0.019 -16"><span class='ocrx_word' id='word_1_1' title='bbox 736 289 952 352; x_wconf 72' lang='lat'>...40-</span> 
     </span>
    </p>
   </div>
   <div class='ocr_carea' id='block_1_2' title="bbox 222 450 1492 1164">
    <p class='ocr_par' dir='ltr' id='par_1_2' title="bbox 222 450 1492 1164">
     <span class='ocr_line' id='line_1_2' title="bbox 275 450 1487 548; baseline -0.015 -18"><span class='ocrx_word' id='word_1_2' title='bbox 275 464 407 548; x_wconf 92' lang='lat' dir='ltr'><strong>singula</strong></span> <span class='ocrx_word' id='word_1_3' title='bbox 430 460 497 526; x_wconf 95' lang='lat' dir='ltr'><strong>dici</strong></span> <span class='ocrx_word' id='word_1_4' title='bbox 519 481 586 526; x_wconf 94' lang='lat' dir='ltr'><strong>non</strong></span> <span class='ocrx_word' id='word_1_5' title='bbox 609 464 732 544; x_wconf 89' lang='lat' dir='ltr'><strong>potest,</strong></span> <span class='ocrx_word' id='word_1_6' title='bbox 758 465 870 524; x_wconf 92' lang='lat' dir='ltr'><strong>tamen</strong></span> <span class='ocrx_word' id='word_1_7' title='bbox 893 463 928 522; x_wconf 92' lang='lat' dir='ltr'><strong>ut</strong></span> <span class='ocrx_word' id='word_1_8' title='bbox 951 456 984 520; x_wconf 94' lang='lat' dir='ltr'><strong>in</strong></span> <span class='ocrx_word' id='word_1_9' title='bbox 1008 455 1126 524; x_wconf 88' lang='lat' dir='ltr'><strong>ceteris</strong></span> <span class='ocrx_word' id='word_1_10' title='bbox 1149 451 1309 518; x_wconf 76' lang='lat' dir='ltr'>Graeciae</span> <span class='ocrx_word' id='word_1_11' title='bbox 1334 450 1406 516; x_wconf 86' lang='lat' dir='ltr'><strong>civi-</strong></span> <span class='ocrx_word' id='word_1_12' title='bbox 1486 508 1487 544; x_wconf 60' lang='lat'><strong>,</strong></span> 
     </span>
     <span class='ocr_line' id='line_1_3' title="bbox 274 553 1488 646; baseline -0.014 -14"><span class='ocrx_word' id='word_1_13' title='bbox 274 567 399 632; x_wconf 90' lang='lat' dir='ltr'><strong>tatibus</strong></span> <span class='ocrx_word' id='word_1_14' title='bbox 422 565 468 630; x_wconf 90' lang='lat' dir='ltr'><strong>ita</strong></span> <span class='ocrx_word' id='word_1_15' title='bbox 484 562 592 628; x_wconf 86' lang='lat' dir='ltr'>Rhodi</span> <span class='ocrx_word' id='word_1_16' title='bbox 617 582 746 646; x_wconf 90' lang='lat' dir='ltr'><strong>quoquc</strong></span> <span class='ocrx_word' id='word_1_17' title='bbox 769 561 804 625; x_wconf 94' lang='lat' dir='ltr'><strong>in</strong></span> <span class='ocrx_word' id='word_1_18' title='bbox 828 559 1020 643; x_wconf 79' lang='lat' dir='ltr'><strong>corporibus</strong></span> <span class='ocrx_word' id='word_1_19' title='bbox 1042 553 1294 624; x_wconf 80' lang='lat' dir='ltr'><strong>corroborandis</strong></span> <span class='ocrx_word' id='word_1_20' title='bbox 1309 553 1407 620; x_wconf 84' lang='lat' dir='ltr'><strong>maxi·</strong></span> <span class='ocrx_word' id='word_1_21' title='bbox 1487 604 1488 628; x_wconf 77' lang='lat'><strong>,</strong></span> 
     </span>
     <span class='ocr_line' id='line_1_4' title="bbox 275 655 1489 741; baseline -0.012 -6"><span class='ocrx_word' id='word_1_22' title='bbox 275 690 363 735; x_wconf 92' lang='lat' dir='ltr'><strong>mum</strong></span> <span class='ocrx_word' id='word_1_23' title='bbox 387 667 531 734; x_wconf 90' lang='lat' dir='ltr'><strong>studium</strong></span> <span class='ocrx_word' id='word_1_24' title='bbox 554 665 686 732; x_wconf 89' lang='lat' dir='ltr'><strong>videtur</strong></span> <span class='ocrx_word' id='word_1_25' title='bbox 709 663 904 729; x_wconf 91' lang='lat' dir='ltr'><strong>collocatum</strong></span> <span class='ocrx_word' id='word_1_26' title='bbox 929 681 1017 739; x_wconf 88' lang='lat' dir='ltr'><strong>esse,</strong></span> <span class='ocrx_word' id='word_1_27' title='bbox 1049 679 1134 741; x_wconf 89' lang='lat' dir='ltr'><strong>quae</strong></span> <span class='ocrx_word' id='word_1_28' title='bbox 1158 677 1211 724; x_wconf 89' lang='lat' dir='ltr'><strong>res</strong></span> <span class='ocrx_word' id='word_1_29' title='bbox 1233 655 1311 721; x_wconf 92' lang='lat' dir='ltr'><strong>inde</strong></span> <span class='ocrx_word' id='word_1_30' title='bbox 1335 675 1407 738; x_wconf 91' lang='lat' dir='ltr'><strong>quo·</strong></span> <span class='ocrx_word' id='word_1_31' title='bbox 1488 698 1489 720; x_wconf 53' lang='lat' dir='ltr'><strong>r</strong></span> 
     </span>
     <span class='ocr_line' id='line_1_5' title="bbox 277 759 1490 856; baseline -0.015 -17"><span class='ocrx_word' id='word_1_32' title='bbox 277 793 339 856; x_wconf 90' lang='lat' dir='ltr'><strong>quc</strong></span> <span class='ocrx_word' id='word_1_33' title='bbox 363 775 512 856; x_wconf 88' lang='lat' dir='ltr'><strong>apparet,</strong></span> <span class='ocrx_word' id='word_1_34' title='bbox 537 768 626 852; x_wconf 89' lang='lat' dir='ltr'><strong>quod</strong></span> <span class='ocrx_word' id='word_1_35' title='bbox 643 765 831 851; x_wconf 81' lang='lat' dir='ltr'><strong>juventutis</strong></span> <span class='ocrx_word' id='word_1_36' title='bbox 846 763 1042 832; x_wconf 89' lang='lat' dir='ltr'><strong>educandae</strong></span> <span class='ocrx_word' id='word_1_37' title='bbox 1059 784 1138 829; x_wconf 92' lang='lat' dir='ltr'><strong>cura</strong></span> <span class='ocrx_word' id='word_1_38' title='bbox 1153 759 1277 827; x_wconf 93' lang='lat' dir='ltr'><strong>homini</strong></span> <span class='ocrx_word' id='word_1_39' title='bbox 1293 759 1408 825; x_wconf 90' lang='lat' dir='ltr'><strong>tradita</strong></span> <span class='ocrx_word' id='word_1_40' title='bbox 1489 794 1490 802; x_wconf 26' lang='grc' dir='ltr'><strong>κ</strong></span> 
     </span>
     <span class='ocr_line' id='line_1_6' title="bbox 276 862 1491 958; baseline -0.013 -17"><span class='ocrx_word' id='word_1_41' title='bbox 276 883 362 958; x_wconf 90' lang='lat' dir='ltr'><strong>erat,</strong></span> <span class='ocrx_word' id='word_1_42' title='bbox 400 874 455 957; x_wconf 90' lang='lat' dir='ltr'><strong>qui</strong></span> <span class='ocrx_word' id='word_1_43' title='bbox 490 874 532 938; x_wconf 90' lang='lat' dir='ltr'><strong>ab</strong></span> <span class='ocrx_word' id='word_1_44' title='bbox 568 870 684 936; x_wconf 91' lang='lat' dir='ltr'><strong>humili</strong></span> <span class='ocrx_word' id='word_1_45' title='bbox 721 868 838 935; x_wconf 92' lang='lat' dir='ltr'><strong>ordine</strong></span> <span class='ocrx_word' id='word_1_46' title='bbox 868 869 1036 952; x_wconf 90' lang='lat' dir='ltr'><strong>ingressus</strong></span> <span class='ocrx_word' id='word_1_47' title='bbox 1063 865 1193 932; x_wconf 91' lang='lat' dir='ltr'><strong>nonnisi</strong></span> <span class='ocrx_word' id='word_1_48' title='bbox 1221 862 1410 929; x_wconf 90' lang='lat' dir='ltr'><strong>militaribus</strong></span> <span class='ocrx_word' id='word_1_49' title='bbox 1490 888 1491 914; x_wconf 64' lang='lat' dir='ltr'><strong>u</strong></span> 
     </span>
     <span class='ocr_line' id='line_1_7' title="bbox 277 964 1492 1057; baseline -0.012 -13"><span class='ocrx_word' id='word_1_50' title='bbox 277 977 467 1045; x_wconf 87' lang='lat' dir='ltr'><strong>muneribus</strong></span> <span class='ocrx_word' id='word_1_51' title='bbox 489 974 621 1041; x_wconf 84' lang='lat' dir='ltr'><strong>functus</strong></span> <span class='ocrx_word' id='word_1_52' title='bbox 645 981 724 1057; x_wconf 89' lang='lat' dir='ltr'><strong>crat,</strong></span> <span class='ocrx_word' id='word_1_53' title='bbox 749 979 782 1038; x_wconf 94' lang='lat' dir='ltr'><strong>et</strong></span> <span class='ocrx_word' id='word_1_54' title='bbox 798 970 887 1054; x_wconf 87' lang='lat' dir='ltr'><strong>quod</strong></span> <span class='ocrx_word' id='word_1_55' title='bbox 902 971 1113 1055; x_wconf 81' lang='lat' dir='ltr'><strong>magistratus</strong></span> <span class='ocrx_word' id='word_1_56' title='bbox 1128 968 1331 1034; x_wconf 85' lang='lat' dir='ltr'><strong>Rhodiorum</strong></span> <span class='ocrx_word' id='word_1_57' title='bbox 1354 964 1410 1030; x_wconf 86' lang='lat' dir='ltr'><strong>fuit</strong></span> <span class='ocrx_word' id='word_1_58' title='bbox 1491 985 1492 990; x_wconf 47' lang='lat'>¹</span> 
     </span>
     <span class='ocr_line' id='line_1_8' title="bbox 222 1073 1013 1164; baseline -0.01 -19"><span class='ocrx_word' id='word_1_59' title='bbox 222 1147 224 1152; x_wconf 78' lang='grc'>,</span> <span class='ocrx_word' id='word_1_60' title='bbox 277 1082 535 1164; x_wconf 73' lang='grc' dir='ltr'><em>γυμνασίαρχος,</em></span> <span class='ocrx_word' id='word_1_61' title='bbox 560 1076 690 1160; x_wconf 91' lang='lat' dir='ltr'><strong>dequo</strong></span> <span class='ocrx_word' id='word_1_62' title='bbox 715 1095 815 1159; x_wconf 90' lang='lat' dir='ltr'><strong>supra</strong></span> <span class='ocrx_word' id='word_1_63' title='bbox 838 1073 972 1158; x_wconf 82' lang='lat' dir='ltr'><strong>egimus.</strong></span> <span class='ocrx_word' id='word_1_64' title='bbox 1012 1099 1013 1102; x_wconf 41' lang='lat'>¹</span> 
     </span>
    </p>
   </div>
   <div class='ocr_carea' id='block_1_3' title="bbox 735 1245 958 1310">
    <p class='ocr_par' dir='ltr' id='par_1_3' title="bbox 735 1245 958 1310">
     <span class='ocr_line' id='line_1_9' title="bbox 735 1245 958 1310; baseline 0 -1"><span class='ocrx_word' id='word_1_65' title='bbox 735 1245 958 1310; x_wconf 81' lang='grc' dir='ltr'><strong><em>Ἐπίσκοποι.</em></strong></span> 
     </span>
    </p>
   </div>
   <div class='ocr_carea' id='block_1_4' title="bbox 277 1362 1413 1969">
    <p class='ocr_par' dir='ltr' id='par_1_4' title="bbox 277 1362 1413 1969">
     <span class='ocr_line' id='line_1_10' title="bbox 363 1362 1410 1454; baseline -0.009 -20"><span class='ocrx_word' id='word_1_66' title='bbox 363 1369 601 1454; x_wconf 84' lang='lat' dir='ltr'><strong>Episcopornm</strong></span> <span class='ocrx_word' id='word_1_67' title='bbox 615 1368 791 1452; x_wconf 88' lang='lat' dir='ltr'><strong>collegium</strong></span> <span class='ocrx_word' id='word_1_68' title='bbox 804 1365 838 1431; x_wconf 92' lang='lat' dir='ltr'><strong>in</strong></span> <span class='ocrx_word' id='word_1_69' title='bbox 851 1366 956 1432; x_wconf 89' lang='lat' dir='ltr'><strong>tribus</strong></span> <span class='ocrx_word' id='word_1_70' title='bbox 968 1365 1073 1432; x_wconf 92' lang='lat' dir='ltr'><strong>titulis</strong></span> <span class='ocrx_word' id='word_1_71' title='bbox 1079 1364 1219 1431; x_wconf 89' lang='lat' dir='ltr'><strong>Rhodiis</strong></span> <span class='ocrx_word' id='word_1_72' title='bbox 1232 1363 1371 1430; x_wconf 90' lang='lat' dir='ltr'><strong>occurrit</strong></span> <span class='ocrx_word' id='word_1_73' title='bbox 1381 1362 1410 1447; x_wconf 85' lang='lat'><strong>¹).</strong></span> 
     </span>
     <span class='ocr_line' id='line_1_11' title="bbox 278 1465 1411 1558; baseline -0.01 -19"><span class='ocrx_word' id='word_1_74' title='bbox 278 1473 387 1557; x_wconf 86' lang='lat' dir='ltr'><strong>Hujus</strong></span> <span class='ocrx_word' id='word_1_75' title='bbox 411 1471 542 1555; x_wconf 89' lang='lat' dir='ltr'><strong>quidem</strong></span> <span class='ocrx_word' id='word_1_76' title='bbox 567 1471 715 1555; x_wconf 93' lang='lat' dir='ltr'><strong>collegii,</strong></span> <span class='ocrx_word' id='word_1_77' title='bbox 740 1469 830 1554; x_wconf 90' lang='lat' dir='ltr'><strong>quod</strong></span> <span class='ocrx_word' id='word_1_78' title='bbox 851 1468 952 1536; x_wconf 85' lang='lat' dir='ltr'><strong>luerit</strong></span> <span class='ocrx_word' id='word_1_79' title='bbox 972 1488 1106 1551; x_wconf 88' lang='lat' dir='ltr'><strong>munus,</strong></span> <span class='ocrx_word' id='word_1_80' title='bbox 1133 1467 1200 1532; x_wconf 90' lang='lat' dir='ltr'><strong>dici</strong></span> <span class='ocrx_word' id='word_1_81' title='bbox 1221 1465 1411 1558; x_wconf 24' lang='lat' dir='ltr'><strong>vix&#39;possit.</strong></span> 
     </span>
     <span class='ocr_line' id='line_1_12' title="bbox 278 1571 1411 1658; baseline -0.009 -14"><span class='ocrx_word' id='word_1_82' title='bbox 278 1577 330 1644; x_wconf 87' lang='lat' dir='ltr'><strong>Ne</strong></span> <span class='ocrx_word' id='word_1_83' title='bbox 354 1596 508 1641; x_wconf 91' lang='lat' dir='ltr'><strong>numerus</strong></span> <span class='ocrx_word' id='word_1_84' title='bbox 532 1573 664 1658; x_wconf 89' lang='lat' dir='ltr'><strong>quidem</strong></span> <span class='ocrx_word' id='word_1_85' title='bbox 689 1581 798 1642; x_wconf 90' lang='lat' dir='ltr'><strong>certus</strong></span> <span class='ocrx_word' id='word_1_86' title='bbox 821 1579 879 1655; x_wconf 91' lang='lat' dir='ltr'><strong>est,</strong></span> <span class='ocrx_word' id='word_1_87' title='bbox 910 1571 1040 1638; x_wconf 91' lang='lat' dir='ltr'><strong>cumin</strong></span> <span class='ocrx_word' id='word_1_88' title='bbox 1064 1571 1192 1637; x_wconf 81' lang='lat' dir='ltr'><strong>duobus</strong></span> <span class='ocrx_word' id='word_1_89' title='bbox 1214 1571 1320 1636; x_wconf 90' lang='lat' dir='ltr'><strong>titulis</strong></span> <span class='ocrx_word' id='word_1_90' title='bbox 1341 1577 1411 1650; x_wconf 88' lang='lat' dir='ltr'><strong>tres,</strong></span> 
     </span>
     <span class='ocr_line' id='line_1_13' title="bbox 281 1674 1413 1762; baseline -0.005 -18"><span class='ocrx_word' id='word_1_91' title='bbox 281 1680 316 1744; x_wconf 93' lang='lat' dir='ltr'><strong>in</strong></span> <span class='ocrx_word' id='word_1_92' title='bbox 347 1678 442 1745; x_wconf 90' lang='lat' dir='ltr'><strong>tertio</strong></span> <span class='ocrx_word' id='word_1_93' title='bbox 468 1678 612 1762; x_wconf 88' lang='lat' dir='ltr'><strong>quinque</strong></span> <span class='ocrx_word' id='word_1_94' title='bbox 635 1677 846 1744; x_wconf 83' lang='lat' dir='ltr'><strong>nominentur</strong></span> <span class='ocrx_word' id='word_1_95' title='bbox 869 1675 1066 1740; x_wconf 80' lang='grc' dir='ltr'><strong><em>ἐπίσκοποι.</em></strong></span> <span class='ocrx_word' id='word_1_96' title='bbox 1096 1674 1221 1741; x_wconf 84' lang='lat' dir='ltr'><strong>Ordine</strong></span> <span class='ocrx_word' id='word_1_97' title='bbox 1246 1675 1413 1759; x_wconf 88' lang='lat' dir='ltr'><strong>episcopos</strong></span> 
     </span>
     <span class='ocr_line' id='line_1_14' title="bbox 278 1777 1413 1863; baseline -0.009 -13"><span class='ocrx_word' id='word_1_98' title='bbox 278 1781 453 1850; x_wconf 81' lang='lat' dir='ltr'><strong>inferiores</strong></span> <span class='ocrx_word' id='word_1_99' title='bbox 482 1780 584 1848; x_wconf 88' lang='lat' dir='ltr'><strong>fuisse</strong></span> <span class='ocrx_word' id='word_1_100' title='bbox 615 1781 842 1863; x_wconf 85' lang='lat' dir='ltr'><strong>quaestoribus</strong></span> <span class='ocrx_word' id='word_1_101' title='bbox 865 1779 943 1846; x_wconf 90' lang='lat' dir='ltr'><strong>inde</strong></span> <span class='ocrx_word' id='word_1_102' title='bbox 965 1785 1117 1863; x_wconf 89' lang='lat' dir='ltr'><strong>apparet,</strong></span> <span class='ocrx_word' id='word_1_103' title='bbox 1148 1778 1236 1862; x_wconf 92' lang='lat' dir='ltr'><strong>quod</strong></span> <span class='ocrx_word' id='word_1_104' title='bbox 1260 1779 1292 1843; x_wconf 94' lang='lat' dir='ltr'><strong>in</strong></span> <span class='ocrx_word' id='word_1_105' title='bbox 1316 1777 1413 1843; x_wconf 93' lang='lat' dir='ltr'><strong>omni·</strong></span> 
     </span>
     <span class='ocr_line' id='line_1_15' title="bbox 277 1882 1077 1969; baseline -0.005 -19"><span class='ocrx_word' id='word_1_106' title='bbox 277 1886 340 1952; x_wconf 92' lang='lat' dir='ltr'><strong>bus</strong></span> <span class='ocrx_word' id='word_1_107' title='bbox 362 1884 467 1951; x_wconf 92' lang='lat' dir='ltr'><strong>titulis</strong></span> <span class='ocrx_word' id='word_1_108' title='bbox 491 1890 565 1969; x_wconf 94' lang='lat' dir='ltr'><strong>post</strong></span> <span class='ocrx_word' id='word_1_109' title='bbox 588 1903 644 1950; x_wconf 91' lang='lat' dir='ltr'><strong>eos</strong></span> <span class='ocrx_word' id='word_1_110' title='bbox 668 1882 885 1948; x_wconf 87' lang='lat' dir='ltr'><strong>nominantur.</strong></span> <span class='ocrx_word' id='word_1_111' title='bbox 1075 1887 1077 1892; x_wconf 86' lang='lat'>&#39;</span> 
     </span>
    </p>
   </div>
   <div class='ocr_carea' id='block_1_5' title="bbox 741 2033 953 2120">
    <p class='ocr_par' dir='ltr' id='par_1_5' title="bbox 741 2033 953 2120">
     <span class='ocr_line' id='line_1_16' title="bbox 741 2033 953 2120; baseline 0.009 -20"><span class='ocrx_word' id='word_1_112' title='bbox 741 2033 953 2120; x_wconf 80' lang='grc' dir='ltr'><strong><em>Ἅστυνόμοι.</em></strong></span> 
     </span>
    </p>
   </div>
   <div class='ocr_carea' id='block_1_6' title="bbox 280 2157 1478 2451">
    <p class='ocr_par' dir='ltr' id='par_1_6' title="bbox 280 2157 1478 2451">
     <span class='ocr_line' id='line_1_17' title="bbox 366 2157 1418 2243; baseline -0.005 -18"><span class='ocrx_word' id='word_1_113' title='bbox 366 2158 570 2225; x_wconf 86' lang='lat' dir='ltr'><strong>Rhodiorum</strong></span> <span class='ocrx_word' id='word_1_114' title='bbox 586 2163 778 2241; x_wconf 89' lang='lat' dir='ltr'><strong>astynomos</strong></span> <span class='ocrx_word' id='word_1_115' title='bbox 786 2157 813 2243; x_wconf 82' lang='lat'><strong>²)</strong></span> <span class='ocrx_word' id='word_1_116' title='bbox 837 2178 902 2223; x_wconf 93' lang='lat' dir='ltr'><strong>non</strong></span> <span class='ocrx_word' id='word_1_117' title='bbox 920 2164 978 2242; x_wconf 88' lang='lat' dir='ltr'><strong>est,</strong></span> <span class='ocrx_word' id='word_1_118' title='bbox 1002 2177 1059 2222; x_wconf 91' lang='lat' dir='ltr'><strong>cur</strong></span> <span class='ocrx_word' id='word_1_119' title='bbox 1076 2157 1177 2222; x_wconf 89' lang='lat' dir='ltr'><strong>alium</strong></span> <span class='ocrx_word' id='word_1_120' title='bbox 1193 2157 1418 2241; x_wconf 90' lang='lat' dir='ltr'><strong>magistratum</strong></span> 
     </span>
     <span class='ocr_line' id='line_1_18' title="bbox 280 2260 1418 2347; baseline -0.004 -19"><span class='ocrx_word' id='word_1_121' title='bbox 280 2264 382 2331; x_wconf 86' lang='lat' dir='ltr'><strong>luisse</strong></span> <span class='ocrx_word' id='word_1_122' title='bbox 399 2270 550 2347; x_wconf 91' lang='lat' dir='ltr'><strong>putemus</strong></span> <span class='ocrx_word' id='word_1_123' title='bbox 566 2267 665 2345; x_wconf 91' lang='lat' dir='ltr'><strong>atquc</strong></span> <span class='ocrx_word' id='word_1_124' title='bbox 677 2260 928 2328; x_wconf 82' lang='lat' dir='ltr'><strong>Atheniensium</strong></span> <span class='ocrx_word' id='word_1_125' title='bbox 944 2270 1145 2346; x_wconf 90' lang='lat' dir='ltr'><strong>astynomos,</strong></span> <span class='ocrx_word' id='word_1_126' title='bbox 1163 2261 1288 2344; x_wconf 89' lang='lat' dir='ltr'><strong>quibus</strong></span> <span class='ocrx_word' id='word_1_127' title='bbox 1300 2260 1418 2326; x_wconf 87' lang='lat' dir='ltr'><strong>viarum</strong></span> 
     </span>
     <span class='ocr_line' id='line_1_19' title="bbox 281 2351 1478 2451; baseline -0.004 -19"><span class='ocrx_word' id='word_1_128' title='bbox 281 2388 321 2433; x_wconf 92' lang='lat' dir='ltr'><strong>ac</strong></span> <span class='ocrx_word' id='word_1_129' title='bbox 356 2351 561 2451; x_wconf 90' lang='lat' dir='ltr'><strong>publicorum</strong></span> <span class='ocrx_word' id='word_1_130' title='bbox 592 2363 820 2430; x_wconf 88' lang='lat' dir='ltr'><strong>aedificiorum</strong></span> <span class='ocrx_word' id='word_1_131' title='bbox 848 2385 931 2430; x_wconf 91' lang='lat' dir='ltr'><strong>cura</strong></span> <span class='ocrx_word' id='word_1_132' title='bbox 959 2364 1117 2430; x_wconf 90' lang='lat' dir='ltr'><strong>mandata</strong></span> <span class='ocrx_word' id='word_1_133' title='bbox 1146 2371 1225 2431; x_wconf 90' lang='lat' dir='ltr'><strong>erat.</strong></span> <span class='ocrx_word' id='word_1_134' title='bbox 1282 2365 1353 2443; x_wconf 75' lang='lat' dir='ltr'><strong>Qua</strong></span> <span class='ocrx_word' id='word_1_135' title='bbox 1380 2363 1417 2428; x_wconf 89' lang='lat' dir='ltr'><strong>dc</strong></span> <span class='ocrx_word' id='word_1_136' title='bbox 1473 2361 1478 2372; x_wconf 87' lang='lat'>&#39;</span> 
     </span>
    </p>
   </div>
   <div class='ocr_carea' id='block_1_7' title="bbox 284 2467 1419 2554">
    <p class='ocr_par' dir='ltr' id='par_1_7' title="bbox 284 2467 1419 2554">
     <span class='ocr_line' id='line_1_20' title="bbox 284 2467 1419 2554; baseline -0.005 -18"><span class='ocrx_word' id='word_1_137' title='bbox 284 2490 385 2536; x_wconf 89' lang='lat' dir='ltr'><strong>cansa</strong></span> <span class='ocrx_word' id='word_1_138' title='bbox 419 2468 516 2532; x_wconf 88' lang='lat' dir='ltr'><strong>valde</strong></span> <span class='ocrx_word' id='word_1_139' title='bbox 548 2467 678 2544; x_wconf 89' lang='lat' dir='ltr'><strong>dubito,</strong></span> <span class='ocrx_word' id='word_1_140' title='bbox 712 2488 790 2531; x_wconf 92' lang='lat' dir='ltr'><strong>num</strong></span> <span class='ocrx_word' id='word_1_141' title='bbox 818 2467 871 2532; x_wconf 93' lang='lat' dir='ltr'><strong>hic</strong></span> <span class='ocrx_word' id='word_1_142' title='bbox 898 2468 1109 2550; x_wconf 84' lang='lat' dir='ltr'><strong>magistratus</strong></span> <span class='ocrx_word' id='word_1_143' title='bbox 1136 2467 1244 2533; x_wconf 85' lang='lat' dir='ltr'><strong>Rhodi</strong></span> <span class='ocrx_word' id='word_1_144' title='bbox 1276 2467 1419 2554; x_wconf 88' lang='lat' dir='ltr'><strong>superior</strong></span> 
     </span>
    </p>
   </div>
   <div class='ocr_carea' id='block_1_8' title="bbox 283 2569 1423 3804">
    <p class='ocr_par' dir='ltr' id='par_1_8' title="bbox 283 2569 1423 3804">
     <span class='ocr_line' id='line_1_21' title="bbox 283 2569 1417 2655; baseline -0.004 -16"><span class='ocrx_word' id='word_1_145' title='bbox 283 2573 383 2639; x_wconf 82' lang='lat' dir='ltr'><strong>suerit</strong></span> <span class='ocrx_word' id='word_1_146' title='bbox 407 2570 616 2655; x_wconf 91' lang='lat' dir='ltr'><strong>praetoribus</strong></span> <span class='ocrx_word' id='word_1_147' title='bbox 639 2576 672 2634; x_wconf 91' lang='lat' dir='ltr'><strong>et</strong></span> <span class='ocrx_word' id='word_1_148' title='bbox 694 2569 891 2653; x_wconf 89' lang='lat' dir='ltr'><strong>trierarchis,</strong></span> <span class='ocrx_word' id='word_1_149' title='bbox 917 2570 952 2634; x_wconf 93' lang='lat' dir='ltr'><strong>id</strong></span> <span class='ocrx_word' id='word_1_150' title='bbox 972 2570 1061 2653; x_wconf 90' lang='lat' dir='ltr'><strong>quod</strong></span> <span class='ocrx_word' id='word_1_151' title='bbox 1077 2590 1120 2636; x_wconf 83' lang='lat' dir='ltr'><strong>ex</strong></span> <span class='ocrx_word' id='word_1_152' title='bbox 1135 2571 1231 2637; x_wconf 92' lang='lat' dir='ltr'><strong>titulo</strong></span> <span class='ocrx_word' id='word_1_153' title='bbox 1247 2571 1308 2639; x_wconf 90' lang='lat' dir='ltr'><strong>illo</strong></span> <span class='ocrx_word' id='word_1_154' title='bbox 1324 2573 1417 2638; x_wconf 89' lang='lat' dir='ltr'><strong>citato</strong></span> 
     </span>
     <span class='ocr_line' id='line_1_22' title="bbox 283 2673 1418 2758; baseline -0.004 -16"><span class='ocrx_word' id='word_1_155' title='bbox 283 2673 430 2758; x_wconf 86' lang='lat' dir='ltr'><strong>corporis</strong></span> <span class='ocrx_word' id='word_1_156' title='bbox 442 2673 690 2755; x_wconf 79' lang='lat' dir='ltr'><strong>inscriptionum</strong></span> <span class='ocrx_word' id='word_1_157' title='bbox 705 2676 884 2756; x_wconf 89' lang='lat' dir='ltr'><strong>conjectari</strong></span> <span class='ocrx_word' id='word_1_158' title='bbox 897 2675 1008 2757; x_wconf 87' lang='lat' dir='ltr'><strong>possit,</strong></span> <span class='ocrx_word' id='word_1_159' title='bbox 1023 2695 1095 2739; x_wconf 95' lang='lat' dir='ltr'><strong>cum</strong></span> <span class='ocrx_word' id='word_1_160' title='bbox 1108 2675 1418 2754; x_wconf 84' lang='lat' dir='ltr'><strong>EntlmusRhodius,</strong></span> 
     </span>
     <span class='ocr_line' id='line_1_23' title="bbox 284 2774 1418 2862; baseline -0.002 -18"><span class='ocrx_word' id='word_1_161' title='bbox 284 2779 378 2860; x_wconf 89' lang='lat' dir='ltr'><strong>cujus</strong></span> <span class='ocrx_word' id='word_1_162' title='bbox 407 2775 548 2842; x_wconf 91' lang='lat' dir='ltr'><strong>honores</strong></span> <span class='ocrx_word' id='word_1_163' title='bbox 577 2775 612 2838; x_wconf 92' lang='lat' dir='ltr'><strong>in</strong></span> <span class='ocrx_word' id='word_1_164' title='bbox 639 2774 701 2840; x_wconf 94' lang='lat' dir='ltr'><strong>hoc</strong></span> <span class='ocrx_word' id='word_1_165' title='bbox 724 2775 821 2848; x_wconf 85' lang='lat' dir='ltr'><strong>titulo</strong></span> <span class='ocrx_word' id='word_1_166' title='bbox 846 2783 1094 2860; x_wconf 86' lang='lat' dir='ltr'><strong>enumerantur,</strong></span> <span class='ocrx_word' id='word_1_167' title='bbox 1124 2779 1228 2862; x_wconf 92' lang='lat' dir='ltr'><strong>primo</strong></span> <span class='ocrx_word' id='word_1_168' title='bbox 1252 2778 1418 2862; x_wconf 90' lang='lat' dir='ltr'><strong>praetoris,</strong></span> 
     </span>
     <span class='ocr_line' id='line_1_24' title="bbox 284 2878 1419 2968; baseline -0.001 -21"><span class='ocrx_word' id='word_1_169' title='bbox 284 2888 352 2947; x_wconf 91' lang='lat' dir='ltr'><strong>tum</strong></span> <span class='ocrx_word' id='word_1_170' title='bbox 375 2878 557 2961; x_wconf 86' lang='lat' dir='ltr'><strong>trierarchi,</strong></span> <span class='ocrx_word' id='word_1_171' title='bbox 582 2883 650 2942; x_wconf 90' lang='lat' dir='ltr'><strong>tum</strong></span> <span class='ocrx_word' id='word_1_172' title='bbox 666 2878 838 2963; x_wconf 87' lang='lat' dir='ltr'><strong>praefecti,</strong></span> <span class='ocrx_word' id='word_1_173' title='bbox 864 2880 1006 2964; x_wconf 89' lang='lat' dir='ltr'><strong>denique</strong></span> <span class='ocrx_word' id='word_1_174' title='bbox 1023 2883 1114 2947; x_wconf 87' lang='lat' dir='ltr'><strong>velut</strong></span> <span class='ocrx_word' id='word_1_175' title='bbox 1133 2902 1302 2964; x_wconf 90' lang='lat' dir='ltr'><strong>summum,</strong></span> <span class='ocrx_word' id='word_1_176' title='bbox 1327 2902 1419 2968; x_wconf 89' lang='lat' dir='ltr'><strong>quem</strong></span> 
     </span>
     <span class='ocr_line' id='line_1_25' title="bbox 285 2979 1421 3068; baseline 0 -19"><span class='ocrx_word' id='word_1_177' title='bbox 285 2984 411 3066; x_wconf 87' lang='lat' dir='ltr'><strong>attigit,</strong></span> <span class='ocrx_word' id='word_1_178' title='bbox 436 2979 601 3066; x_wconf 87' lang='lat' dir='ltr'><strong>astynomi</strong></span> <span class='ocrx_word' id='word_1_179' title='bbox 624 2983 852 3066; x_wconf 90' lang='lat' dir='ltr'><strong>magistratum</strong></span> <span class='ocrx_word' id='word_1_180' title='bbox 874 2984 1016 3068; x_wconf 85' lang='lat' dir='ltr'><strong>gessisse</strong></span> <span class='ocrx_word' id='word_1_181' title='bbox 1040 2984 1178 3049; x_wconf 89' lang='lat' dir='ltr'><strong>dicatur.</strong></span> <span class='ocrx_word' id='word_1_182' title='bbox 1223 2985 1289 3063; x_wconf 75' lang='lat' dir='ltr'><strong>Qui</strong></span> <span class='ocrx_word' id='word_1_183' title='bbox 1312 3004 1421 3052; x_wconf 90' lang='lat' dir='ltr'><strong>cursus</strong></span> 
     </span>
     <span class='ocr_line' id='line_1_26' title="bbox 284 3083 1421 3170; baseline 0 -18"><span class='ocrx_word' id='word_1_184' title='bbox 284 3087 444 3153; x_wconf 93' lang='lat' dir='ltr'><strong>honorum</strong></span> <span class='ocrx_word' id='word_1_185' title='bbox 467 3083 778 3151; x_wconf 75' lang='lat' dir='ltr'><strong>veridissimillimes</strong></span> <span class='ocrx_word' id='word_1_186' title='bbox 802 3093 834 3151; x_wconf 90' lang='lat' dir='ltr'><strong>et</strong></span> <span class='ocrx_word' id='word_1_187' title='bbox 858 3106 931 3151; x_wconf 92' lang='lat' dir='ltr'><strong>cum</strong></span> <span class='ocrx_word' id='word_1_188' title='bbox 954 3087 1038 3170; x_wconf 90' lang='lat' dir='ltr'><strong>aliis,</strong></span> <span class='ocrx_word' id='word_1_189' title='bbox 1063 3088 1120 3168; x_wconf 92' lang='lat' dir='ltr'><strong>qui</strong></span> <span class='ocrx_word' id='word_1_190' title='bbox 1141 3089 1176 3153; x_wconf 91' lang='lat' dir='ltr'><strong>in</strong></span> <span class='ocrx_word' id='word_1_191' title='bbox 1192 3088 1297 3155; x_wconf 91' lang='lat' dir='ltr'><strong>titulis</strong></span> <span class='ocrx_word' id='word_1_192' title='bbox 1311 3087 1421 3156; x_wconf 90' lang='lat' dir='ltr'><strong>traditi</strong></span> 
     </span>
     <span class='ocr_line' id='line_1_27' title="bbox 285 3186 1421 3274; baseline -0.001 -18"><span class='ocrx_word' id='word_1_193' title='bbox 285 3197 370 3273; x_wconf 90' lang='lat' dir='ltr'><strong>sunt,</strong></span> <span class='ocrx_word' id='word_1_194' title='bbox 394 3187 494 3254; x_wconf 88' lang='lat' dir='ltr'><strong>valde</strong></span> <span class='ocrx_word' id='word_1_195' title='bbox 510 3186 712 3271; x_wconf 91' lang='lat' dir='ltr'><strong>discrepans,</strong></span> <span class='ocrx_word' id='word_1_196' title='bbox 736 3189 860 3253; x_wconf 89' lang='lat' dir='ltr'><strong>nullam</strong></span> <span class='ocrx_word' id='word_1_197' title='bbox 876 3189 978 3256; x_wconf 90' lang='lat' dir='ltr'><strong>habet</strong></span> <span class='ocrx_word' id='word_1_198' title='bbox 993 3188 1232 3274; x_wconf 84' lang='lat' dir='ltr'><strong>difficultatem,</strong></span> <span class='ocrx_word' id='word_1_199' title='bbox 1249 3194 1278 3258; x_wconf 93' lang='lat' dir='ltr'><strong>si</strong></span> <span class='ocrx_word' id='word_1_200' title='bbox 1293 3193 1421 3258; x_wconf 90' lang='lat' dir='ltr'><strong>inverso</strong></span> 
     </span>
     <span class='ocr_line' id='line_1_28' title="bbox 286 3289 1422 3380; baseline 0.001 -22"><span class='ocrx_word' id='word_1_201' title='bbox 286 3292 401 3358; x_wconf 92' lang='lat' dir='ltr'><strong>ordine</strong></span> <span class='ocrx_word' id='word_1_202' title='bbox 417 3291 622 3374; x_wconf 86' lang='lat' dir='ltr'><strong>intelligitur,</strong></span> <span class='ocrx_word' id='word_1_203' title='bbox 638 3289 687 3355; x_wconf 91' lang='lat' dir='ltr'><strong>ita</strong></span> <span class='ocrx_word' id='word_1_204' title='bbox 701 3296 738 3355; x_wconf 93' lang='lat' dir='ltr'><strong>ut</strong></span> <span class='ocrx_word' id='word_1_205' title='bbox 748 3292 897 3358; x_wconf 85' lang='lat' dir='ltr'><strong>Eutimus</strong></span> <span class='ocrx_word' id='word_1_206' title='bbox 910 3292 1015 3377; x_wconf 90' lang='lat' dir='ltr'><strong>primo</strong></span> <span class='ocrx_word' id='word_1_207' title='bbox 1028 3291 1127 3361; x_wconf 89' lang='lat' dir='ltr'><strong>fuerit</strong></span> <span class='ocrx_word' id='word_1_208' title='bbox 1141 3302 1343 3380; x_wconf 89' lang='lat' dir='ltr'><strong>astynomus,</strong></span> <span class='ocrx_word' id='word_1_209' title='bbox 1356 3302 1422 3362; x_wconf 92' lang='lat' dir='ltr'><strong>tum</strong></span> 
     </span>
     <span class='ocr_line' id='line_1_29' title="bbox 286 3391 1423 3482; baseline 0.002 -22"><span class='ocrx_word' id='word_1_210' title='bbox 286 3392 485 3480; x_wconf 86' lang='lat' dir='ltr'><strong>praefectus,</strong></span> <span class='ocrx_word' id='word_1_211' title='bbox 510 3399 578 3458; x_wconf 93' lang='lat' dir='ltr'><strong>tum</strong></span> <span class='ocrx_word' id='word_1_212' title='bbox 596 3391 806 3478; x_wconf 90' lang='lat' dir='ltr'><strong>trierarchus,</strong></span> <span class='ocrx_word' id='word_1_213' title='bbox 831 3403 899 3461; x_wconf 92' lang='lat' dir='ltr'><strong>tum</strong></span> <span class='ocrx_word' id='word_1_214' title='bbox 923 3394 1068 3480; x_wconf 90' lang='lat' dir='ltr'><strong>denique</strong></span> <span class='ocrx_word' id='word_1_215' title='bbox 1084 3404 1225 3480; x_wconf 91' lang='lat' dir='ltr'><strong>praetor,</strong></span> <span class='ocrx_word' id='word_1_216' title='bbox 1250 3399 1306 3482; x_wconf 88' lang='lat' dir='ltr'><strong>qui</strong></span> <span class='ocrx_word' id='word_1_217' title='bbox 1321 3399 1423 3465; x_wconf 93' lang='lat' dir='ltr'><strong>honos</strong></span> 
     </span>
     <span class='ocr_line' id='line_1_30' title="bbox 286 3495 1423 3587; baseline 0 -24"><span class='ocrx_word' id='word_1_218' title='bbox 286 3504 421 3584; x_wconf 88' lang='lat' dir='ltr'><strong>propter</strong></span> <span class='ocrx_word' id='word_1_219' title='bbox 449 3496 486 3561; x_wconf 93' lang='lat' dir='ltr'><strong>id</strong></span> <span class='ocrx_word' id='word_1_220' title='bbox 514 3495 637 3580; x_wconf 89' lang='lat' dir='ltr'><strong>ipsum,</strong></span> <span class='ocrx_word' id='word_1_221' title='bbox 668 3498 757 3580; x_wconf 92' lang='lat' dir='ltr'><strong>quod</strong></span> <span class='ocrx_word' id='word_1_222' title='bbox 779 3518 925 3565; x_wconf 88' lang='lat' dir='ltr'><strong>summus</strong></span> <span class='ocrx_word' id='word_1_223' title='bbox 949 3500 1026 3582; x_wconf 91' lang='lat' dir='ltr'><strong>l&#39;uit,</strong></span> <span class='ocrx_word' id='word_1_224' title='bbox 1056 3501 1090 3565; x_wconf 94' lang='lat' dir='ltr'><strong>in</strong></span> <span class='ocrx_word' id='word_1_225' title='bbox 1113 3498 1207 3567; x_wconf 91' lang='lat' dir='ltr'><strong>initio</strong></span> <span class='ocrx_word' id='word_1_226' title='bbox 1228 3503 1316 3568; x_wconf 89' lang='lat' dir='ltr'><strong>tituli</strong></span> <span class='ocrx_word' id='word_1_227' title='bbox 1339 3500 1423 3587; x_wconf 90' lang='lat' dir='ltr'><strong>posi·</strong></span> 
     </span>
     <span class='ocr_line' id='line_1_31' title="bbox 286 3607 419 3667; baseline -0.03 -1"><span class='ocrx_word' id='word_1_228' title='bbox 286 3607 339 3666; x_wconf 90' lang='lat' dir='ltr'><strong>tus</strong></span> <span class='ocrx_word' id='word_1_229' title='bbox 361 3607 419 3667; x_wconf 90' lang='lat' dir='ltr'><strong>est.</strong></span> 
     </span>
     <span class='ocr_line' id='line_1_32' title="bbox 628 3716 1079 3804; baseline 0.009 -22"><span class='ocrx_word' id='word_1_230' title='bbox 628 3716 849 3804; x_wconf 78' lang='grc' dir='ltr'><em>Ἐπιμεληταὶ</em></span> <span class='ocrx_word' id='word_1_231' title='bbox 874 3719 941 3784; x_wconf 75' lang='grc' dir='ltr'><strong>τῶν</strong></span> <span class='ocrx_word' id='word_1_232' title='bbox 964 3724 1079 3796; x_wconf 77' lang='grc' dir='ltr'><em>ξένων.</em></span> 
     </span>
    </p>
   </div>
   <div class='ocr_carea' id='block_1_9' title="bbox 289 3837 1427 4135">
    <p class='ocr_par' dir='ltr' id='par_1_9' title="bbox 289 3837 1427 4135">
     <span class='ocr_line' id='line_1_33' title="bbox 373 3837 1425 3925; baseline 0.003 -21"><span class='ocrx_word' id='word_1_233' title='bbox 373 3837 557 3920; x_wconf 79' lang='lat' dir='ltr'><strong>Collegium</strong></span> <span class='ocrx_word' id='word_1_234' title='bbox 580 3839 726 3924; x_wconf 90' lang='lat' dir='ltr'><strong>quinque</strong></span> <span class='ocrx_word' id='word_1_235' title='bbox 751 3837 958 3925; x_wconf 72' lang='grc' dir='ltr'><strong><em>ἐπιμελητῶν</em></strong></span> <span class='ocrx_word' id='word_1_236' title='bbox 979 3839 1047 3906; x_wconf 80' lang='grc' dir='ltr'><strong>τῶν</strong></span> <span class='ocrx_word' id='word_1_237' title='bbox 1069 3845 1172 3917; x_wconf 83' lang='grc' dir='ltr'><em>ξένων</em></span> <span class='ocrx_word' id='word_1_238' title='bbox 1194 3842 1302 3909; x_wconf 85' lang='lat' dir='ltr'><strong>Rhodi</strong></span> <span class='ocrx_word' id='word_1_239' title='bbox 1324 3842 1425 3908; x_wconf 88' lang='lat' dir='ltr'><strong>fuisse</strong></span> 
     </span>
     <span class='ocr_line' id='line_1_34' title="bbox 289 3941 1426 4028; baseline 0 -20"><span class='ocrx_word' id='word_1_240' title='bbox 289 3941 406 4008; x_wconf 91' lang='lat' dir='ltr'><strong>eodem</strong></span> <span class='ocrx_word' id='word_1_241' title='bbox 428 3942 525 4008; x_wconf 89' lang='lat' dir='ltr'><strong>titulo</strong></span> <span class='ocrx_word' id='word_1_242' title='bbox 548 3962 569 4007; x_wconf 90' lang='lat' dir='ltr'><strong>a</strong></span> <span class='ocrx_word' id='word_1_243' title='bbox 592 3942 731 4010; x_wconf 89' lang='lat' dir='ltr'><strong>Roehlio</strong></span> <span class='ocrx_word' id='word_1_244' title='bbox 756 3944 846 4011; x_wconf 90' lang='lat' dir='ltr'><strong>edito</strong></span> <span class='ocrx_word' id='word_1_245' title='bbox 871 3945 1088 4026; x_wconf 86' lang='lat' dir='ltr'><strong>confirmatur.</strong></span> <span class='ocrx_word' id='word_1_246' title='bbox 1126 3946 1178 4013; x_wconf 91' lang='lat' dir='ltr'><strong>De</strong></span> <span class='ocrx_word' id='word_1_247' title='bbox 1201 3946 1263 4012; x_wconf 95' lang='lat' dir='ltr'><strong>hoc</strong></span> <span class='ocrx_word' id='word_1_248' title='bbox 1286 3944 1426 4028; x_wconf 91' lang='lat' dir='ltr'><strong>collegio</strong></span> 
     </span>
     <span class='ocr_line' id='line_1_35' title="bbox 290 4045 1427 4135; baseline 0 -23"><span class='ocrx_word' id='word_1_249' title='bbox 290 4045 421 4112; x_wconf 92' lang='lat' dir='ltr'><strong>omnino</strong></span> <span class='ocrx_word' id='word_1_250' title='bbox 444 4045 527 4110; x_wconf 92' lang='lat' dir='ltr'><strong>nihil</strong></span> <span class='ocrx_word' id='word_1_251' title='bbox 550 4045 631 4112; x_wconf 91' lang='lat' dir='ltr'><strong>certi</strong></span> <span class='ocrx_word' id='word_1_252' title='bbox 655 4045 766 4114; x_wconf 91' lang='lat' dir='ltr'><strong>dicere</strong></span> <span class='ocrx_word' id='word_1_253' title='bbox 789 4067 970 4132; x_wconf 90' lang='lat' dir='ltr'><strong>possumus,</strong></span> <span class='ocrx_word' id='word_1_254' title='bbox 994 4048 1059 4115; x_wconf 93' lang='lat' dir='ltr'><strong>nisi</strong></span> <span class='ocrx_word' id='word_1_255' title='bbox 1081 4050 1169 4133; x_wconf 84' lang='lat' dir='ltr'><strong>quod</strong></span> <span class='ocrx_word' id='word_1_256' title='bbox 1191 4049 1355 4135; x_wconf 90' lang='lat' dir='ltr'><strong>episcopis</strong></span> <span class='ocrx_word' id='word_1_257' title='bbox 1378 4068 1427 4114; x_wconf 92' lang='lat' dir='ltr'><strong>or·</strong></span> 
     </span>
    </p>
   </div>
   <div class='ocr_carea' id='block_1_10' title="bbox 358 4215 1172 4372">
    <p class='ocr_par' dir='ltr' id='par_1_10' title="bbox 358 4215 1172 4372">
     <span class='ocr_line' id='line_1_36' title="bbox 359 4215 1172 4287; baseline 0.01 -19"><span class='ocrx_word' id='word_1_258' title='bbox 359 4215 1172 4287; x_wconf 58' lang='lat' dir='ltr'><strong>mmmammmmmmm</strong></span> 
     </span>
     <span class='ocr_line' id='line_1_37' title="bbox 358 4301 631 4372; baseline 0.004 -14"><span class='ocrx_word' id='word_1_259' title='bbox 358 4301 631 4372; x_wconf 69' lang='lat' dir='ltr'><strong>oeream</strong></span> 
     </span>
    </p>
   </div>
   <div class='ocr_carea' id='block_1_11' title="bbox 0 0 1569 4874">
    <p class='ocr_par' dir='ltr' id='par_1_11' title="bbox 0 0 1569 4874">
     <span class='ocr_line' id='line_1_38' title="bbox 0 0 1569 4874; baseline 0 0"><span class='ocrx_word' id='word_1_260' title='bbox 0 0 1569 4874; x_wconf 95' lang='lat' dir='ltr'><strong> </strong></span> 
     </span>
    </p>
   </div>
  </div>
 </body>
</html>
