3096 4874
631 319 834 386 .-27-

173 514 206 558 a.
236 491 311 558 Chr.
341 489 426 574 n.¹),
457 509 531 556 oum
561 489 620 556 hos
647 488 736 554 viros
764 496 933 558 senatores
960 489 1062 556 foisse
1092 491 1221 558 omnino
1251 513 1315 558 non

178 601 326 676 oonstet‚
358 599 405 673 et,
441 591 469 658 si
498 591 645 675 fuerunt,
681 592 799 658 iterum
829 593 952 658 eleetos
975 613 1046 659 0000
1070 594 1241 678 probabile
1264 594 1315 660 011.

173 699 299 765 Contra
331 694 530 762 crediderim
557 701 725 762 senatores
753 694 911 760 inunum
938 717 1060 762 annum
1082 703 1209 763 ereatos
1232 715 1314 780 osse,

171 801 210 866 id
234 800 322 884 quod
351 801 454 866 multo
485 799 591 882 magis
614 819 688 864 oum
711 800 864 883 populari
886 800 1089 866 Rhodiorum
1111 800 1315 885 reipublieae

172 904 283 970 forma
311 901 476 968 convenit.
521 901 607 968 Nam
637 901 770 967 nonnisi
798 902 973 985 optimates
1000 903 1034 966 in
1063 910 1213 970 sonatum
1236 905 1315 988 legi,

174 1027 250 1072 oum
278 1006 370 1070 nullo
401 1005 434 1068 10
458 1004 626 1070 veteribus
649 1004 838 1069 auctoribus
861 1005 935 1070 loeo
959 1005 1178 1090 confirmetur,
1203 1007 1315 1074 neseio

176 1129 240 1192 quo
266 1107 343 1190 jure
368 1107 563 1173 Paulsenius
595 1126 635 1172 ex
659 1105 832 1172 Strabonis
854 1107 927 1172 1000
950 1095 1149 1175 'concludere
1173 1111 1315 1196 possitl).

176 1213 354 1279 Praeerant
378 1211 507 1277 senatui
531 1219 688 1296 prytaneo
711 1218 742 1277 et
765 1211 874 1276 soriba
896 1221 1039 1294 senatus,
1057 1215 1113 1296 qui
1129 1221 1316 1281 senatorum

176 1314 329 1398 prinoeps
353 1312 423 1379 luit.
468 1313 518 1378 De
543 1313 594 1380 his
615 1312 704 1378 infra
726 1312 848 1396 agendi
870 1315 964 1378 loeus
988 1315 1059 1380 erit.

492 1537 514 1621 ὅ
538 1538 590 1607 lo.
634 1537 687 1603 Ile
710 1535 999 1618 magistratibus.

263 1677 463 1741 Rhodiorum
493 1675 743 1756 magistratuum
773 1675 867 1738 varia
897 1695 1021 1758 genera
1049 1675 1167 1758 fuisse,
1203 1696 1314 1758 quam-

179 1800 279 1862 quam
302 1785 555 1844 consentaneum
580 1785 638 1854 est,
662 1786 772 1844 tamen
795 1779 829 1841 in
852 1778 991 1861 singulis
1014 1778 1228 1844 demonstrari
1251 1798 1315 1843 non

180 1887 289 1966 potest
316 1901 422 1964 neque
452 1882 493 1946 de
522 1881 665 1964 legibus,
704 1900 789 1964 quae
818 1881 851 1945 in
881 1882 1126 1964 magistratibus
1155 1881 1316 1965 eligendis

152 2033 153 2036 ,
180 1986 371 2052 observatae
401 1992 490 2068 sunt,
522 1985 703 2068 quidquam
732 1985 812 2050 eerti
837 1992 975 2050 constat.
1019 1985 1159 2052 Mueller
1181 1985 1314 2067 quidem

176 2094 271 2171 putat
298 2095 404 2154 oertos
433 2089 642 2170 magistratus
672 2088 762 2153 velut
789 2095 946 2172 prytaneo
976 2096 1007 2154 et
1037 2089 1222 2154 0000001000
1251 2109 1314 2153 000

174 2189 239 2257 0101
267 2211 310 2257 ex
337 2190 551 2273 optimatibus
580 2193 705 2256 eleetos
735 2209 816 2256 esse.
862 2190 931 2254 Sed
960 2190 1041 2255 haee
1064 2191 1215 2256 lluelleri
1244 2211 1315 2256 sen·

173 2295 279 2361 tentia
307 2295 400 2358 nulla
428 2315 462 2360 re
492 2293 709 2358 confirmatur.
755 2293 919 2376 Prytaneo
943 2293 1085 2374 quidem,
1110 2312 1191 2375 quos
1215 2293 1316 2376 magi·

173 2404 296 2462 stratus
318 2397 458 2462 Mueller
481 2415 524 2461 ex
548 2396 716 2462 veteribus
739 2396 873 2480 regibus
896 2402 983 2461 ortos
1007 2402 1039 2461 et
1062 2403 1236 2479 propterea
1259 2416 1315 2459 an-

172 2500 367 2583 tiquissimis
394 2500 595 2582 temporlbus
627 2519 666 2565 ex
689 2498 941 2564 Heraclidarum
971 2507 1068 2582 geute
1098 2501 1221 2565 eleetos
1242 2519 1314 2566 esse

161 2610 285 2685 putat⁷
314 2599 432 2668 nesoio'
448 2621 490 2666 an
514 2608 588 2684 post
610 2601 762 2667 Rhodum
785 2601 900 2668 urbem
924 2602 1088 2667 conditam
1114 2603 1315 2668 (100000010-

172 2705 279 2773 stituti
307 2706 387 2786 sint,
424 2726 497 2770 oum
527 2725 635 2787 neque
663 2706 752 2789 apud
775 2705 911 2770 Lindios
940 2727 1046 2788 neque
1076 2706 1219 2790 Ialysios
1254 2726 1315 2772 neo

173 2809 381 2877 Oamirenses
415 2816 648 2892 memorentur,
683 2809 802 2890 quibus
837 2809 1027 2874 civitatibus
1061 2811 1145 2874 alius
1175 2809 1316 2875 nominis

173 2913 395 2995 magistratus,
411 2910 596 2986 ἐπιστάτας
610 2918 642 2978 01
655 2909 887 2998 ὁαμιουργούς,
902 2917 938 2976 01
952 2921 1024 2995 0001
1037 2913 1188 2977 Rhodum
1201 2913 1316 2980 urbem

175 3016 342 3082 eonditum
367 3017 414 3081 ita
437 3022 535 3081 antea
559 3015 898 3099 quoquelpraefuisse
922 3016 1100 3082 verisimile
1119 3023 1177 3082 001.
1223 3015 1316 3092 Quae

173 3139 227 3185 res
260 3141 299 3185 eo
340 3139 471 3202 000000
497 3118 752 3202 ¹quodammodo
793 3119 999 3201 comprobari
1039 3120 1183 3200 videtur,
1227 3119 1316 3202 quod

173 3222 283 3287 Rhodi
312 3243 384 3286 oum
414 3229 591 3307 prytanum
620 3243 753 3288 munere
783 3223 875 3287 00110
905 3243 958 3288 000
987 3223 1117 3288 videtur
1140 3225 1316 3306 eonjunola

174 3327 293 3408 fuisse,
325 3346 409 3407 quae
433 3325 477 3389 ad
500 3345 594 3390 saera
617 3326 812 3408 pertineret,
843 3346 915 3390 oum
939 3325 1023 3390 01100
1047 3327 1181 3410 publiea
1204 3335 1314 3411 pryta-

174 3449 252 3493 num
275 3449 412 3495 munera
427 3449 580 3512 magnam
596 3437 721 3511 partem
739 3451 756 3494 0
773 3430 877 3494 saeris
893 3429 1032 3494 oriunda
1049 3439 1167 3496 essent.
1202 3430 1315 3494 Nihilo

174 3538 285 3596 autem
328 3531 435 3596 minus
481 3537 734 3598 consentaneum
775 3538 825 3596 est
864 3531 1067 3596 Rhodiorum
1106 3531 1316 3615 magistratus

174 3632 356 3699 seeundum
385 3640 492 3699 oertas
520 3635 611 3717 leges
641 3635 764 3712 eleetos
792 3653 876 3699 esse.
921 3633 1014 3709 Quae
1045 3635 1160 3716 quales
1182 3633 1315 3713 suerint,

174 3755 374 3820 quamquam
404 3736 535 3801 omnino
564 3759 628 3803 non
661 3743 802 3820 constat,
838 3743 948 3802 tamen
977 3737 1012 3802 id
1042 3739 1159 3802 saltem
1189 3735 1316 3802 videtur

174 3839 386 3906 statuendum
409 3861 497 3921 esse,
528 3848 650 3907 eertum
674 3835 804 3906 cursum
828 3840 987 3905 honorum
1010 3840 1043 3904 in
1067 3837 1317 3922 magistratibus

176 3939 340 4024 eligendis
375 3942 585 4009 observatum
621 3961 704 4009 esse.
757 3944 902 4026 Apparet
934 3943 1024 4019 ‚enim
1054 3963 1096 4008 ex
1125 3942 1245 4020 1110110,
1280 3941 1314 4004 10

175 4044 295 4126 quibus
320 4044 484 4108 variorum
509 4044 629 4109 oivium
646 4065 759 4110 oureus
774 4045 933 4112 honorum
950 4053 1191 4129 enumerantur,
1216 4044 1315 4110 nemi-

244 4263 271 4335 1)
287 4263 388 4334 Polyb.
408 4265 450 4332 28,
468 4264 499 4333 23
518 4266 560 4333 271
578 4266 603 4320 6.

244 4349 273 4418 2)
294 4348 387 4404 Strab.
407 4349 448 4415 14,
467 4349 526 4406 653.
