3096 4874
723 341 939 405 ..10-

344 511 520 578 Servorum
544 510 772 576 condicionem
796 511 1012 590 atquc'usum
1036 519 1188 592 nonest,
1215 531 1272 576 cur
1297 509 1403 578 Rhodi

260 615 363 680 alium
390 613 492 680 fuisse
515 621 668 698 putemus
691 619 790 696 atque
813 613 846 677 in
871 613 988 680 ceteris
1005 612 1166 680 Graeciae
1182 615 1280 682 rebus
1296 618 1403 700 publi-

260 718 320 785 cis.
358 717 453 794 Quae
476 717 610 801 quidem
634 737 678 783 ox
700 715 806 782 titulis
830 715 944 798 colligi
968 725 1104 799 possunt
1127 717 1403 803 nondiscrepant

261 841 333 886 cum
355 821 406 899 iis,
429 841 514 903 quae
540 820 581 887 de
605 839 775 886 servorum
800 819 890 902 apud
907 826 1033 885 ceteros
1049 819 1194 887 Graecos
1211 823 1403 896 condicione

260 931 422 990 constent.

347 1027 396 1091 Ac
426 1027 564 1109 primum
587 1024 720 1108 quidem
743 1030 874 1107 praeter
898 1044 1010 1091 servos
1035 1025 1232 1092 domesticos
1254 1029 1403 1111 publicos

260 1149 391 1212 quoque
427 1148 540 1194 servos
575 1126 677 1192 fuisse
714 1146 757 1193 ex
786 1127 882 1192 titulo
911 1125 1075 1212 Rhodi01)
1106 1128 1259 1194 concludi
1287 1137 1401 1214 potest,

260 1232 294 1296 in
318 1251 383 1315 quo
406 1230 503 1296 homo
527 1229 664 1313 quidam
682 1229 983 1313 Rhodiapolitairus
1006 1230 1164 1298 videlicet
1185 1235 1402 1314 uerocxogox

261 1353 355 1400 servo
378 1333 493 1416 fectus,
525 1352 598 1398 curn
625 1331 755 1398 dicatur
777 1353 797 1397 a
822 1332 1138 1417 populoliberatus,
1163 1334 1315 1417 publicus
1338 1355 1402 1402 ser-

260 1435 322 1502 v'us
345 1436 480 1501 videtur
502 1435 614 1516 fuisse,
638 1435 800 1518 siquidem
824 1456 844 1500 a
867 1437 990 1519 populo
1008 1444 1045 1500 ut
1060 1457 1080 1500 a
1097 1437 1228 1503 domino
1245 1438 1402 1505 liberatus

263 1547 323 1606 est.
362 1538 417 1604 Sic
441 1539 528 1604 enim
551 1538 639 1604 tituli
661 1539 763 1604 verba
787 1587 794 1603 .
819 1585 826 1600 .
852 1538 1142 1631 ἐλευθερωθέντος
1165 1537 1234 1604 ὑπὸ
1258 1541 1319 1616 τοῖς
1343 1541 1403 1606 πό-

261 1643 342 1716 λεως
367 1689 374 1704 .
399 1689 406 1705 .
431 1691 438 1706 .
464 1695 471 1708 .
501 1643 732 1726 intellegenda
755 1664 827 1709 esse
852 1644 1021 1722 existimo,
1040 1664 1137 1733 quae
1160 1644 1297 1721 Rossius
1320 1645 1403 1711 falso

191 1815 192 1820 ,
261 1747 509 1829 interpretatur,
539 1766 613 1811 cum
643 1745 747 1811 virum
777 1766 821 1812 ex
849 1746 1011 1828 inquilino
1042 1748 1147 1812 civem
1178 1746 1302 1813 iactum
1332 1769 1403 1816 esse

262 1849 368 1930 dieat,
396 1849 630 1932 nequeenim,
661 1848 718 1930 qui
742 1867 785 1913 ex
808 1848 970 1930 inquilino
993 1849 1075 1913 civis
1097 1849 1313 1929 fit,'liberari
1337 1851 1402 1916 dici

262 1958 384 2034 potest,
423 1972 496 2016 oum
530 1950 728 2034 inquilinus,
764 1970 961 2032 quamquam
986 1971 1050 2016 non
1081 1959 1130 2016 est
1161 1953 1257 2033 civis,
1292 1961 1402 2019 tamen

261 2054 345 2121 liber
372 2055 425 2120 sit.

349 2155 525 2222 Servorum
554 2155 656 2221 fuisse
681 2154 894 2220 matrimonia
920 2155 997 2220 item
1020 2155 1124 2221 titulis
1148 2155 1401 2240 confirmatur2),

263 2280 462 2344 quamquam
491 2258 549 2324 vix
577 2258 677 2340 vulgo
701 2255 791 2323 facta
815 2277 886 2323 esse
911 2256 1123 2338 crediderim,
1155 2277 1227 2323 oum
1250 2259 1402 2324 nonnisi

263 2365 283 2428 3
304 2363 460 2445 exempla
489 2361 598 2427 adhuc
628 2368 706 2427 nota
728 2361 808 2443 sint,
839 2367 887 2444 et,
918 2367 1076 2444 utsupra
1099 2361 1402 2444 demonstravimus,
1425 2407 1426 2411 =

263 2486 308 2532 ex
330 2463 591 2531 nonnullorum
614 2465 720 2530 servis
742 2464 840 2530 modo
865 2463 1009 2528 6Rhodi
1031 2465 1100 2528 nati
1124 2465 1199 2529 sint.
1244 2464 1337 2541 Quae
1359 2485 1403 2530 ex

262 2568 313 2634 his
335 2587 501 2633 servornm
527 2566 746 2632 matrimoniis
770 2567 877 2648 proles
899 2567 1111 2649 nascebatur,
1136 2568 1214 2632 item
1238 2567 1404 2634 servitutis

256 2671 375 2753 jugum
404 2668 543 2735 ferebat.
588 2669 626 2732 In
656 2668 761 2734 titulis
790 2669 999 2733 nominentur
1029 2668 1173 2748 ἐγγενεῖς
1193 2668 1403 2754 (ἐνδογενεῑς,

263 2771 467 2855 οἰκογενεῖς),
501 2790 727 2854 nonunquam,
758 2770 918 2854 siquidem
942 2771 1096 2837 mulieres
1119 2779 1208 2855 sunt,
1230 2769 1401 2859 ‘Ptctoussq

263 2875 352 2958 quod
375 2895 495 2940 nomen
518 2874 603 2939 alias
627 2876 717 2940 cives
741 2875 891 2941 indicare
916 2876 1030 2942 soleat.

349 2976 551 3042 Rhodiorum
568 2978 671 3042 servis
681 2978 738 3060 jus
754 2977 855 3044 fuisse
872 2977 994 3061 peculii
1008 2978 1148 3062 parandi
1161 2977 1239 3043 inde
1252 2986 1401 3062 apparet,

263 3079 352 3164 quod
374 3080 506 3163 saepius
529 3080 562 3144 in
587 3080 692 3146 titulis
714 3088 747 3147 et
770 3081 945 3164 pecuniam
971 3090 1002 3147 et
1018 3082 1228 3148 anathemata
1243 3081 1285 3146 ab
1302 3082 1403 3148 homi-

263 3183 360 3248 nibus
383 3182 541 3250 videlicet
565 3183 667 3249 servis
693 3183 815 3248 donata
838 3203 910 3251 esse
934 3185 1084 3268 legimus.

350 3285 432 3351 Item
455 3286 542 3351 servi
566 3286 761 3352 societatum
783 3286 916 3352 illarum
938 3288 983 3352 ad
1007 3287 1193 3353 communia
1209 3308 1303 3354 sacra
1319 3288 1404 3352 cele·

208 3406 211 3412 ·
263 3385 391 3453 brunda
419 3386 656 3469 institutarum,
693 3409 832 3472 quarum
862 3395 1012 3454 naturam
1043 3391 1227 3455 Foucartus
1256 3386 1289 3453 in
1319 3389 1403 3468 lihro

264 3511 323 3556 suo
348 3490 513 3574 copiosius
536 3489 722 3572 descripsit,
746 3490 923 3573 participes
947 3491 1100 3557 videntur
1121 3487 1267 3565 fuisse⁴l.

350 3592 526 3684 Servorum
557 3612 711 3658 numerus
740 3613 799 3676 pro
824 3592 951 3659 civibus
974 3593 1082 3659 Rhodi
1106 3601 1141 3659 ut
1163 3593 1301 3660 Athenis
1324 3595 1405 3659 satis

264 3716 403 3780 magnus
426 3704 512 3779 erat,
537 3696 760 3780 quaequidem
784 3717 837 3762 res
860 3697 1102 3779 quodammodo
1128 3695 1333 3781 comprobari
1356 3697 1404 3762 vi-

265 3800 360 3866 detur
383 3821 437 3882 eo,
468 3801 556 3882 quod
581 3821 624 3866 ex
649 3801 711 3864 110
734 3800 838 3866 titulis
861 3802 1120 3884 sepulcralibus,
1151 3801 1208 3884 qui
1229 3801 1263 3864 in
1286 3799 1404 3866 Rhodo

264 3903 372 3968 insula
406 3903 527 3985 reperti
561 3911 650 3985 sunt,
685 3906 727 3969 53
762 3924 930 3971 servorum
966 3913 1055 3989 sunt,
1091 3905 1192 3971 ceteri
1222 3905 1342 3970 civium
1372 3909 1405 3968 et

382 4090 462 4159 Ross,
481 4089 510 4144 J.
530 4089 562 4144 G.
581 4092 608 4146 J.
627 4091 686 4146 278.

382 4174 416 4229 R.
434 4173 469 4228 A.
487 4174 565 4240 XIV,
586 4191 632 4230 nn.
652 4177 773 4230 53-55.

381 4259 416 4314 R.
435 4258 469 4314 A.
488 4260 565 4326 XIV,
584 4277 630 4316 nn.
650 4262 692 4329 54,
711 4262 753 4316 57.

381 4346 509 4414 Fouoaut,
528 4347 588 4402 Dos
607 4363 662 4402 aas.
682 4349 762 4416 relig.
