3096 4874
706 343 921 407 ..46-

246 532 343 596 quarn
366 513 514 595 pluribus
536 511 691 596 refertur,
722 513 757 578 id
779 514 883 579 solum
907 518 1035 579 constat
1058 509 1267 598 παναγύρεις
1290 510 1383 575 auni-

246 615 407 684 versarias
431 615 541 682 fuise.
553 613 577 700 ¹)

743 790 887 870 Σίτησις.

331 925 491 1009 Populus,
522 932 558 992 ut
586 926 709 991 vietum
738 924 839 991 alioui
862 924 1049 1008 praeberet,
1084 945 1149 990 non
1172 924 1275 990 solum
1298 922 1385 988 indi·

247 1028 394 1112 gentium
417 1029 648 1096 misericordia
671 1028 910 1110 adducebatur,
933 1030 1024 1096 velut
1046 1027 1166 1094 Strabo
1181 1026 1384 1093 Rhodiorum

246 1132 447 1216 pauperibus
470 1131 667 1200 frumentum
690 1154 749 1216 per
771 1132 978 1217 λειτουργίας
1003 1133 1114 1200 datum
1137 1151 1209 1199 esse
1232 1129 1385 1212 affirmat,

185 1299 189 1310 ,
247 1235 307 1303 sed
341 1235 442 1302 etiam
471 1236 604 1303 honoris
634 1257 735 1302 eausa
763 1235 842 1302 viris
878 1236 919 1303 de
949 1235 1120 1321 republica
1149 1238 1232 1304 bene
1261 1236 1385 1302 meritis

247 1338 473 1422 quotidianum
498 1339 619 1406 vietum
643 1340 806 1424 praebuit.
848 1339 946 1404 Lindi
969 1340 1052 1408 haee
1075 1345 1205 1425 σίτησις
1234 1339 1271 1404 ἐν
1295 1339 1384 1427 ἱερο-

239 1445 374 1527 ’θυτείῳ
398 1450 468 1509 erat
476 1442 511 1529 ²),
536 1444 644 1511 Rhodi
671 1445 706 1508 in
736 1446 926 1529 πρυτανείῳ
949 1446 1082 1526 σίτησιν
1111 1444 1212 1512 fuisse
1234 1444 1385 1529 probabi·

247 1545 323 1612 liter
345 1548 528 1613 Foueartus
551 1545 729 1632 eonjieit.³)
1317 1607 1322 1617 .

334 1651 468 1716 Praeter
496 1650 557 1717 hos
585 1650 741 1733 honores,
766 1651 822 1731 qui
844 1649 1036 1717 nominatim
1057 1653 1092 1717 in
1114 1652 1385 1737 inscriptionibus

248 1760 496 1837 enumerantur,
532 1754 618 1820 ulios
652 1772 783 1837 quoque
810 1753 1021 1820 'Rhodiorum
1061 1755 1203 1823 honores
1235 1758 1386 1841 publicos

247 1857 350 1923 fuisse
379 1857 555 1925 verisimile
586 1863 644 1924 est.
695 1860 885 1944 Προξενίαν
914 1856 1064 1942 quidem,
1089 1860 1145 1942 qui
1168 1859 1271 1926 bonos
1294 1881 1385 1944 pere·

247 1961 350 2045 grinis
379 1961 534 2044 dabatur,
564 1959 674 2026 Rhodi
702 1961 802 2028 fuisse
830 1961 946 2028 titulus
973 1962 1108 2044 quidam
1135 1967 1285 2030 testatur.
1335 1964 1386 2032 De

179 2051 181 2055 ’
214 2073 216 2077 ’
249 2063 407 2146 πολιτείᾳ
437 2072 469 2132 et
498 2063 667 2148 ὲττιδτιμίᾳ
691 2064 762 2146 jam
792 2085 892 2148 supra
922 2065 1143 2148 exposuimus.
1189 2066 1386 2151 Sepulturae

249 2188 379 2251 quoque
413 2169 570 2235 bonorem
605 2170 695 2254 apud
733 2167 881 2236 Rhodios
914 2169 1017 2237 fuisse
1054 2169 1182 2237 duobus
1211 2172 1385 2255 praecipue

193 2291 196 2300 ·
247 2271 352 2339 titulis
375 2271 629 2358 confirmaturb.

245 2410 448 2424 -=——

317 2476 346 2544 1)
365 2476 446 2545 Ross,
465 2476 549 2532 Areh.
567 2477 646 2533 Aufr.
665 2479 700 2548 II,
719 2496 766 2533 nn.
785 2480 895 2536 21-22.

317 2563 346 2631 2)
365 2563 401 2617 R.
418 2559 453 2618 A.
472 2563 549 2630 XVI,
567 2580 594 2618 n.
613 2565 662 2630 683
681 2565 762 2634 Bous,
780 2564 864 2620 Areh.
883 2565 962 2622 Auis.
979 2567 1017 2636 11,
1036 2584 1082 2621 nn.
1100 2567 1213 2622 21-22.

317 2649 346 2716 3)
366 2648 401 2702 R.
420 2647 453 2702 A.
473 2649 514 2702 XI
532 2666 557 2706 n.
575 2650 607 2716 43
627 2649 689 2718 XV,
708 2650 781 2707 eonf.
800 2667 828 2720 p.
846 2651 912 2720 2153
931 2654 1011 2721 Ross,
1033 2653 1115 2708 Areh.
1136 2651 1214 2709 Auis.
1233 2671 1261 2724 p.
1281 2654 1340 2710 590.

317 2732 344 2803 4)
363 2734 397 2788 R.
417 2733 451 2788 A.
470 2735 520 2802 ΧΙ,
538 2752 565 2792 n.
584 2736 615 2806 23
633 2736 764 2794 Mittheil.
783 2739 810 2794 d.
830 2739 857 2793 d.
875 2755 900 2794 a.
918 2740 989 2795 Inst.
1008 2740 1045 2808 Il,
1064 2757 1092 2810 p.
1112 2741 1200 2796 2241.
1218 2741 1237 2795 l.
