3096 4874
726 320 942 384 ..26-

265 492 451 560 reddebant
462 491 494 578 ¹),
533 492 576 556 ad
613 497 762 558 senatum
791 492 973 576 periculum
1001 490 1205 574 reipublicae
1235 489 1407 556 imminens
1438 568 1442 572 ¹

267 593 517 678 deferebaturb,
549 601 698 660 senatum
722 600 910 660 exterorum
934 613 1064 677 quoqne
1087 595 1282 676 populorum
1306 594 1407 678 legati

267 698 446 772 adibantil.
492 697 694 763 Rhodiorum
722 699 852 780 legatos
881 699 1073 781 plerumque
1098 715 1116 762 e
1141 702 1330 762 senatorum
1354 697 1408 762 vel

267 821 380 866 eorum
403 819 550 880 numero,
574 801 631 882 qui
655 807 826 868 senatores
848 799 991 882 fuerunt,
1016 805 1160 882 sumptos
1179 818 1307 866 esseeo
1323 800 1407 866 veri-

267 902 373 969 simile
396 901 441 986 fit,
466 902 556 985 quod
578 904 711 969 nomina
734 909 923 972 senatorum
947 901 1063 967 eodem
1087 909 1235 985 tempore
1257 921 1358 986 saepe
1373 904 1408 968 in

267 1006 492 1090 legationibus
516 1007 655 1083 Rhodiis
678 1006 892 1088 occurrunt.
938 1004 1029 1082 Quos
1051 1005 1185 1088 quidem
1207 1005 1409 1072 Rhodiorum

267 1111 411 1192 legatos,
435 1117 471 1176 ut
494 1116 664 1175 senatores
688 1106 968 1190 conventicium),
993 1107 1162 1188 accepisse
1185 1107 1341 1172 viaticum
1356 1129 1408 1189 ,ex

269 1211 437 1278 Ciceronis
459 1212 647 1277 narratione
671 1208 854 1295 apparet5),
879 1209 937 1290 qui
961 1207 1042 1274 dicit
1065 1209 1267 1274 Rhodiorum
1282 1211 1409 1294 legatos

270 1315 389 1399 eapitis
412 1315 542 1381 actione
567 1320 743 1381 conventos
766 1333 847 1394 esse,
873 1313 962 1395 quod
985 1311 1114 1378 tardius
1136 1314 1332 1395 praestituta
1355 1315 1409 1382 die

268 1419 331 1484 iter
356 1417 499 1500 ingressi
527 1436 652 1482 moram
681 1429 775 1482 suam
803 1414 932 1498 accepti
964 1414 1101 1497 legativi
1129 1415 1287 1482 tarditate
1311 1439 1409 1484 excu-

269 1542 342 1588 sare
364 1540 430 1585 non
452 1520 645 1603 potuissent.

356 1623 501 1707 Scilicet,
524 1630 559 1688 ut
576 1624 709 1689 comitia
725 1622 868 1688 omnium
888 1621 1091 1687 Rhodiorum
1108 1623 1409 1708 communicarant,

270 1729 316 1795 ita
345 1735 512 1794 senatores
541 1747 674 1810 quoquc
700 1747 744 1792 ex
768 1727 923 1791 universo
947 1727 1069 1808 populo
1094 1728 1216 1793 electos
1240 1746 1312 1793 esse
1335 1747 1410 1793 oon·

215 1919 216 1922 Ἴ
269 1839 464 1900 sentaneum
488 1839 553 1912 est,
579 1831 628 1896 ita
651 1837 687 1894 nt
710 1840 743 1897 et
766 1829 888 1894 Rhodii
914 1838 946 1895 et
969 1829 1080 1894 Lindii
1104 1837 1136 1896 et
1159 1829 1276 1915 Ialysii
1300 1838 1334 1898 et
1350 1831 1410 1896 Ga-

270 1935 429 2001 mirenscs
458 1933 547 2000 viros
578 1933 758 2015 elegerint,
782 1931 838 2013 qui
860 1930 968 1994 Rhodi
992 1931 1027 1994 in
1051 1931 1142 1995 curia
1164 1932 1326 1999 sederent.
1373 1934 1411 1998 Iu

271 2038 433 2122 eligendis
461 2037 668 2104 senatoribus
699 2035 747 2101 rei
779 2034 951 2100 familiaris
979 2035 1072 2098 nulla
1103 2034 1186 2099 ratio
1216 2035 1410 2118 habebatur,

270 2162 346 2206 nam
369 2139 499 2206 senatui
522 2146 589 2204 tam
614 2139 734 2204 divites
758 2157 856 2220 quam
879 2157 1042 2221 pauperes
1065 2135 1266 2221 interfuisse,
1291 2137 1348 2220 qni
1370 2138 1410 2204 de

272 2243 421 2309 omnibus
449 2244 548 2308 rebus
580 2249 612 2308 et
640 2239 769 2324 magnis
791 2247 823 2305 et
844 2239 955 2323 parvis
979 2239 1214 2324 deliberarent,
1239 2239 1412 2308 Sallustius

270 2347 364 2412 testis
398 2348 489 2431 esti).
546 2345 726 2411 Senatores
759 2365 825 2409 non
854 2365 983 2427 semper
1013 2345 1047 2409 in
1077 2353 1194 2412 senatu
1222 2345 1324 2412 fuisse
1353 2344 1412 2411 sed

272 2451 356 2515 alios
379 2471 507 2516 menses
531 2450 614 2515 alios
638 2469 697 2532 per
720 2451 812 2512 vices
835 2447 869 2510 in
894 2448 984 2512 curia
1000 2455 1042 2536 ,et
1064 2448 1099 2512 in
1123 2449 1263 2524 comitiis
1287 2448 1411 2512 sedisse

273 2561 306 2620 ct
321 2554 525 2636 negotiorum
542 2553 636 2633 quasi
653 2551 833 2634 praemium
853 2549 1093 2614 conventicium
1110 2550 1278 2632 accepisse
1296 2549 1411 2615 Cicero

272 2655 455 2740 tradiditl),
492 2654 552 2720 sed
587 2674 651 2736 quo
687 2653 784 2717 modo
820 2659 878 2716 aut
912 2671 976 2734 quo
1012 2652 1128 2717 ordine
1158 2659 1328 2719 senatores
1355 2674 1413 2737 per

275 2758 420 2834 singulos
442 2777 572 2822 menses
594 2755 711 2820 mutati
734 2755 807 2836 sint,
831 2755 1009 2822 memoriae
1032 2775 1098 2820 non
1121 2755 1278 2820 traditum
1303 2764 1362 2823 est.

360 2860 555 2924 Senatorum
584 2859 640 2942 qui
670 2859 771 2924 suerit
794 2879 962 2942 numerus,
988 2865 1046 2924 aut
1069 2860 1187 2942 quibus
1210 2861 1412 2942 temporibus

275 2964 446 3029 convocati
475 2963 539 3029 sint
566 2983 675 3045 neque
700 2983 743 3028 ex
774 2983 881 3028 serum
905 2964 1098 3048 scriptorum
1122 2963 1216 3028 libris
1239 2984 1347 3046 neque
1371 2984 1412 3029 ex

274 3066 542 3150 inscriptionibus
571 3065 723 3149 cognosci
753 3074 869 3148 potest.
916 3066 1165 3132 Conveniebant
1188 3074 1357 3133 senatores
1379 3065 1429 3130 in'

274 3167 511 3255 βουλευτήριον
520 3167 556 3253 8).
595 3168 790 3235 Senatorum
816 3168 1009 3250 dignitatem
1034 3175 1227 3251 perpetuam
1245 3167 1345 3234 fuisse
1361 3170 1414 3234 vel

276 3275 461 3356 complures
483 3292 587 3337 annos
610 3272 746 3338 durasse
762 3272 989 3338 Paulsenius
981 3271 1102 3355 injurie
1129 3270 1207 3336 inde
1236 3271 1413 3354 concludit

276 3375 365 3458 quod
395 3375 533 3441 diversis
561 3373 762 3466 temporibus
792 3374 892 3439 iidem
922 3378 1079 3439 occurunt
1108 3380 1294 3459 senatores,
1324 3321 1415 3439 velud

276 3477 502 3560 Agathage'tes
526 3484 559 3543 et
575 3475 780 3560 Rhodophon
804 3482 942 3559 uterque
966 3484 1032 3541 tam
1056 3497 1140 3541 anno
1160 3476 1221 3540 169
1237 3496 1335 3559 quam
1353 3478 1412 3540 111

289 3631 485 3642 ——n--n-

348 3730 375 3798 1)
394 3730 497 3799 Polyb.
516 3733 557 3798 16,
579 3732 618 3797 15,
637 3731 672 3800 8,
687 3732 728 3800 28,
749 3733 797 3800 15
816 3731 858 3800 27,
878 3733 919 3800 11,
937 3731 964 3784 4.

347 3815 376 3884 1)
395 3815 477 3874 Diod
496 3817 539 3882 20,
558 3817 599 3874 94

346 3902 375 3971 3)
397 3901 497 3971 Polyb.
517 3903 561 3970 21,
579 3904 605 3956 4.

347 3986 376 4057 4)
396 3987 453 4042 Q.
473 3988 508 4042 dc
527 4005 586 4056 rep
605 3989 674 4057 3‚.35
709 3989 762 4044 Dio
781 3987 878 4058 (lhrys.
898 3989 991 4046 Rhod.

347 4072 690 4142 QOmm.

348 4162 376 4228 6)
396 4159 462 4214 Sall
482 4160 517 4213 de
535 4176 592 4228 rep.
612 4177 655 4228 cp.
675 4161 714 4213 Il.

349 4244 713 4316 UQQmHffi

349 4331 445 4402 8).Αι·
465 4331 556 4387 Rhod.
575 4334 599 4390 2.
