3096 4874
701 369 912 433 ,30-

237 545 386 604 senatum
409 540 463 604 vel
487 539 621 604 comitia
644 537 946 604 introducebantur.
984 536 1067 601 Belli
1091 534 1287 619 prytanibus
1303 537 1374 600 nul·

236 642 303 706 lum
327 641 428 707 fuisse
451 641 624 724 imperium
648 641 787 707 videtur.
834 641 951 723 Neque
975 639 1061 706 onim
1076 637 1186 704 Rhodi
1201 637 1373 720 imperium

237 742 329 825 pacis
360 761 399 807 ac
428 743 509 808 belli
537 743 655 828 iisdem
684 743 930 826 magistratibus
960 739 1166 807 commissum
1190 746 1270 806 erat.
1316 741 1374 806 Ni-

236 846 413 912 bilominus
435 854 544 913 autem
567 854 734 932 prytanea,
758 847 1034 930 quemadmodum
1057 845 1098 911 de
1115 845 1215 911 totius
1232 845 1375 913 civitatis

236 949 519 1015 administratione
553 950 600 1016 sic
634 951 675 1018 de
709 949 924 1034 apparatibus
957 948 1087 1015 bellicis
1118 947 1299 1032 quoque¹),
1335 947 1375 1014 de
1459 959 1466 984 ⁵

236 1052 410 1118 navalibus
433 1073 472 1117 ac
497 1053 538 1119 de
560 1073 597 1120 re
614 1053 826 1120 frumentaria
842 1071 1028 1136 supremam
1044 1071 1156 1116 curam
1172 1049 1374 1136 gerebanm).
1450 1079 1453 1090 ·

236 1156 352 1238 Itaque
383 1157 522 1221 classem
552 1156 685 1239 quidem
715 1157 832 1224 instrui
855 1156 976 1240 jubere
999 1176 1019 1219 a
1043 1161 1217 1240 prytanum
1241 1175 1375 1220 munere

236 1280 302 1325 non
325 1259 471 1325 alienum
495 1267 582 1342 erat,
611 1260 670 1326 sed
693 1260 756 1343 ipsi
781 1263 918 1326 classem
942 1279 1007 1326 non
1032 1257 1242 1342 ducebant3).
1290 1257 1375 1334 (tum

238 1363 336 1428 etiam
362 1363 452 1429 cives
476 1364 519 1428 ad
542 1363 667 1429 bellum
691 1363 995 1446 exhortabanturl),
1021 1371 1061 1445 et,
1087 1363 1114 1427 si
1138 1363 1210 1445 ipsa
1226 1363 1303 1426 urbs
1316 1365 1374 1441 'op-

237 1467 459 1549 pugnabatur,
489 1467 617 1550 patriae
648 1466 877 1534 defendendae
908 1487 1010 1532 causa
1038 1486 1130 1530 arma
1154 1463 1374 1550 copieuanm).

324 1569 496 1635 Publicum
522 1569 727 1654 aedificium,
758 1570 881 1653 inquo
906 1577 1063 1655 prytanea
1085 1569 1220 1651 negotia
1243 1568 1376 1651 publica

238 1673 406 1751 curabant,
431 1682 628 1759 prytaneum
652 1673 766 1758 erat5),
792 1673 825 1737 in
851 1694 915 1757 quo
938 1679 1102 1758 prytaneo
1126 1671 1269 1736 civitatis
1285 1672 1376 1736 tabu·

237 1775 356 1841 larium
392 1783 477 1860 erat,
513 1777 568 1842 ubi
604 1777 739 1860 publica
768 1777 904 1843 decreta
931 1776 1158 1842 servabantur.
1210 1775 1375 1860 Prytaneo

238 1899 368 1962 quoque
393 1887 581 1946 exterorum
605 1881 799 1962 populorum
824 1880 927 1962 legati
949 1877 1237 1963 recipiebanturl).

324 1981 527 2047 Rhodiorum
551 1981 754 2066 prytanibus
784 1983 996 2065 magistratus
1025 1981 1159 2064 analogi
1181 1979 1280 2044 Lindi
1304 1979 1376 2044 ἐπι-

238 2081 406 2168 o'coicortl),
430 2082 552 2147 Camiri
577 2082 813 2171 duptcupyct‘ss)
837 2085 992 2150 videntur
1014 2083 1128 2150 fuisse.
1164 2085 1286 2150 Horum
1310 2103 1376 2148 ma·

238 2188 443 2270 gistratnum,
469 2188 567 2269 quale
591 2207 708 2253 munus
732 2187 840 2268 fuerit,
866 2186 932 2252 dici
955 2187 1011 2250 vix
1034 2186 1147 2270 possit.
1193 2188 1377 2252 Poucartus

239 2288 429 2354 ὲπιστατᾶν
459 2290 653 2373 dignitatem
682 2297 874 2374 perpetuam
905 2289 1006 2356 fuisse
1030 2290 1117 2355 falso
1142 2290 1311 2356 concludit
1334 2309 1375 2356 ex

237 2393 324 2458 tituli
353 2393 444 2458 illius
466 2393 576 2458 Lindii
605 2394 714 2461 verbis
744 2393 777 2458 οἱ
806 2392 990 2458 ἐπιστάται
1021 2391 1055 2456 οἱ
1083 2393 1118 2456 ἐν
1147 2391 1231 2477 ἀρχῆ
1255 2389 1374 2464 invoca.

234 2494 441 2560 ‘Emordwt
465 2498 551 2562 enim
575 2496 608 2560 οἱ
630 2497 665 2561 ἐν
688 2496 773 2585 ἀρχῆ
789 2496 897 2573 dorcet
915 2498 1077 2578 dicuntur,
1102 2496 1191 2577 quod
1208 2514 1375 2577 opponun-

238 2608 291 2665 tur
307 2600 349 2664 iis
366 2597 579 2678 ἐπιστάταις,
596 2600 652 2682 qui
668 2621 801 2667 munere
817 2600 982 2684 perfuncti
997 2597 1184 2663 laudantur.
1224 2591 1375 2674 Ceterum

237 2701 428 2768 Lindlorum
453 2700 636 2778 ἐπιστάται
659 2725 725 2769 non
749 2703 972 2770 confundendi
995 2708 1069 2768 sunt
1085 2720 1159 2766 cum
1176 2697 1375 2773 ἐπιστάταις
1455 2749 1460 2757 .

237 2805 369 2870 illarum
398 2806 590 2871 societatum
622 2805 667 2869 ad
697 2823 792 2870 sacra
821 2805 1062 2890 pertinentium,
1092 2823 1230 2887 quorum
1254 2803 1376 2886 passim

237 2910 271 2973 in
290 2908 398 2973 'titulis
420 2907 559 2975 Rhodiis
581 2911 703 2975 montio
727 2907 774 2974 fit.

522 3129 618 3214 512.
662 3131 715 3197 Ile
741 3130 867 3196 classis
891 3129 1095 3212 praefecto.

325 3249 529 3316 Rhodiorum
559 3251 719 3317 nauarchi
747 3262 814 3317 non
842 3250 906 3316 nisi
928 3252 962 3316 in
986 3251 1114 3319 duobus
1137 3252 1243 3319 titulis
1266 3272 1376 3317 occur·-

238 3353 359 3439 runtl).
395 3355 577 3422 Fcucartus
599 3355 794 3434 nauarchos,
820 3376 894 3421 cnm
917 3355 951 3420 in
974 3356 1088 3438 titulis,
1106 3357 1162 3421 ubi
1178 3355 1378 3422 Rhodiorum

238 3457 487 3540 magistratuum
506 3459 648 3543 collegia
663 3451 905 3543 enumerantur,
929 3480 993 3525 non
1010 3459 1228 3542 nominentur,
1246 3457 1378 3526 eosdem

326 3696 335 3764 l
354 3695 417 3751 Liv.
435 3696 477 3761 44,
496 3697 538 3751 23.

327 3780 336 3850 )
357 3779 449 3836 Strab.
470 3783 511 3850 14,
530 3781 589 3837 965.

327 3865 337 3936 )
358 3867 421 3923 Liv.
439 3869 481 3935 44,
500 3869 544 3922 23.

327 3953 337 4024 )
355 3954 438 4010 Diod.
459 3954 502 4024 20,
522 3955 564 4010 88.

328 4039 338 4109 )
357 4040 455 4110 Polyb.
475 4043 516 4107 15,
535 4042 577 4095 23.

266 4187 270 4193 ¹
328 4124 338 4194 )
358 4125 457 4197 Polyb.
476 4127 519 4195 29,
538 4130 563 4182 5.

329 4215 338 4280 l
359 4213 392 4267 R.
411 4213 445 4268 A.
464 4214 526 4284 XV,
546 4216 588 4270 60.

329 4299 338 4388 l

330 4391 340 4452 l

309 3697 324 3748 1

308 3782 325 3835 a

308 3868 325 3920 a

257 3941 260 3946 ’
307 3955 325 4007 4

308 4040 325 4092 a

309 4126 325 4179 c

309 4213 326 4350 d
359 4299 394 4352 R.
413 4298 447 4353 A.
466 4299 543 4368 XIV,
562 4317 589 4353 n.
607 4301 655 4363 59:
676 4301 748 4355 Bull.
766 4301 801 4369 V,
819 4316 846 4369 p.
864 4301 923 4368 336,
943 4317 970 4354 n.
991 4302 1036 4356 14.

311 4383 327 4436 9
360 4382 390 4438 O.
409 4383 436 4439 J.
455 4383 489 4440 G.
507 4385 589 4454 2525,
608 4386 680 4443 Bull.
699 4387 752 4454 III,
771 4401 798 4454 p.
817 4387 876 4442 471.
