3096 4874
609 347 824 410 „13-

149 526 273 601 partem
297 517 434 601 originis
456 525 533 584 sunt
554 517 699 600 Argivae
708 519 741 601 ⁷).
787 515 888 600 Oujus
910 517 1111 583 Rhodiorum
1136 539 1208 584 oum
1226 520 1288 584 Ar-

148 622 233 705 givis
255 620 427 686 affinitatis
449 623 610 687 nonnulla
633 620 728 704 quasi
752 620 894 702 vestigia
908 620 942 684 in
958 619 1224 704 inscriptionibus
1240 622 1287 686 in·

148 725 331 791 veniuntur.
378 723 452 790 Huc
474 725 639 808 pertinent
661 723 808 806 nomina3
834 722 1036 808 ὁαμιουργός
1047 724 1090 810 ¹),
1120 726 1288 808 magistra·

147 835 199 894 tus
221 826 420 893 Camirensis
441 846 578 908 nomen,
607 825 711 909 quod,
734 825 799 891 nisi
823 825 954 892 omnino
977 827 1174 912 Achaicum,
1199 837 1287 896 certe

148 931 305 1015 Argivum
329 929 429 1014 est2),
459 927 602 1012 Achaia,
633 927 836 1011 Jalysiorum
858 929 1073 1013 acropolis3),
1103 931 1286 1017 Acestem),

148 1037 252 1119 Argos
263 1033 305 1117 ⁵),
323 1053 442 1099 nomen
465 1032 545 1115 pagi
569 1031 740 1114 cujusdam
763 1031 893 1096 Rhodii.
929 1032 982 1097 Ad
1005 1033 1065 1098 bas
1088 1032 1287 1102 Graecorum

148 1139 250 1204 tribus
267 1136 447 1203 Phoenices
470 1134 650 1200 accessisse
672 1133 851 1200 verisimile
875 1141 933 1218 est,
958 1135 1151 1218 quibuscum
1168 1136 1288 1205 Graeci

150 1261 255 1324 aequo
286 1239 423 1306 foedere
453 1256 526 1304 sese
551 1237 792 1320 conjunxerunt
815 1243 847 1304 et
870 1257 961 1321 quos,
985 1239 1047 1304 nisi
1071 1239 1210 1324 singulis
1232 1242 1287 1306 tri·

150 1345 258 1409 bubus
282 1342 419 1409 Graecis
441 1341 567 1423 recepti
589 1345 681 1424 sunt,
705 1339 872 1423 propriam
894 1340 1014 1405 tribum
1038 1341 1187 1409 effecisse
1212 1363 1286 1408 con-

150 1453 342 1512 sentaneum
364 1445 415 1511 sit.

235 1549 355 1616 Tribus
376 1550 410 1614 in
437 1554 553 1632 gentes
576 1546 763 1630 descriptas
784 1546 886 1613 fuisse
907 1547 1100 1614 Newtonius
1123 1567 1167 1612 ex
1190 1547 1285 1613 titulo

118 1697 120 1736 3
150 1652 292 1734 quodam
315 1653 441 1716 inedito
464 1651 567 1717 musei
583 1649 764 1716 Britannici
788 1651 964 1734 concludit,
981 1651 1015 1714 in
1032 1671 1095 1734 quo
1113 1657 1227 1734 gentes
1244 1651 1287 1716 ad

150 1754 390 1820 Camirensium
404 1754 569 1821 civitatem
581 1753 785 1837 pertinentes
797 1754 831 1818 in
845 1757 966 1820 classes
980 1753 1134 1838 (tribusl)
1149 1753 1284 1837 discrip-

139 1839 201 1923 tas
226 1856 415 1922 enumeravi
437 1856 620 1924 videantur.
666 1857 859 1923 Lindiorum
882 1857 1045 1940 quaedam
1068 1878 1149 1940 gens
1173 1857 1288 1944 πάτρα

151 1957 174 2024 d
196 1963 345 2045 Δρυίταν
368 1960 461 2025 titulo
486 1981 616 2044 quoque
638 1960 758 2026 Lindie
781 1967 902 2028 testata
925 1967 974 2026 est
983 1961 1017 2045 ⁶).
1057 2037 1061 2046 ι

236 2064 329 2128 Haec
360 2062 474 2145 habui,
504 2083 588 2146 quae
618 2063 659 2130 de
682 2063 882 2129 Rhodiorum
906 2064 1055 2130 tribubus
1078 2085 1287 2148 exponerem,

148 2187 243 2250 quae,
268 2175 467 2249 quamquam
489 2187 597 2249 pauca
620 2186 725 2249 caque
748 2167 875 2233 incerta
897 2173 981 2250 sunt,
1005 2172 1115 2234 tamen
1138 2170 1288 2252 quamvis

148 2269 304 2335 inchoata
333 2268 523 2353 colligenda
552 2269 685 2353 quidem
715 2290 786 2336 esse
816 2269 1011 2336 existimavi.
1057 2271 1151 2348 Quae
1179 2279 1288 2339 autem

150 2359 293 2438 tribuum
326 2374 411 2438 ratio
446 2373 546 2441 fuerit
574 2374 609 2439 in
637 2372 850 2458 Rhodiorum¹
867 2374 1037 2457 republica
1066 2381 1140 2456 post
1167 2396 1287 2440 novam

147 2473 296 2543 Rhodum
318 2479 432 2543 urbem
455 2477 634 2561 conditam,
664 2498 740 2542 num
764 2475 848 2543 forte
871 2497 932 2543 sex
955 2477 1003 2542 illi
1026 2483 1200 2562 prytanes,
1231 2480 1288 2561 qui

146 2579 350 2664 reipublicae
379 2588 569 2666 praeerant,
601 2602 662 2648 sex
684 2581 885 2647 Rhodiorum
909 2581 1013 2647 tribus
1036 2581 1198 2664 indicent,
1228 2582 1286 2649 vix

148 2683 214 2749 dici
245 2685 356 2767 possit.
401 2683 475 2750 Jam
500 2684 540 2751 de
565 2686 682 2752 ceteris
704 2685 885 2750 rationibus
908 2706 1059 2770 agamus,
1090 2685 1208 2768 quibus
1231 2707 1287 2769 po-

148 2789 244 2870 pulus
270 2796 344 2871 post
366 2808 484 2853 novam
508 2788 623 2854 urbem
644 2788 810 2868 conditam
836 2788 1029 2854 distributus
1051 2788 1183 2854 videtur
1206 2809 1287 2855 esse.

562 2976 583 3062 ἕ
606 2979 637 3046 b.
682 2975 735 3040 Bc
758 2977 874 3058 pugn.

235 3114 474 3196 Antiquissima
496 3115 580 3178 ratio
606 3121 664 3197 est,
689 3135 754 3197 qua
776 3116 918 3198 populus
934 3112 1112 3179 secundum
1128 3112 1288 3178 domicilii

149 3235 379 3300 sacrorumque
404 3218 668 3284 communitatem
689 3218 724 3283 in
742 3238 846 3302 pagos
863 3214 997 3300 (δᾶμος)
1015 3215 1146 3282 videtur
1163 3215 1289 3283 divisus

148 3317 260 3386 fuisse.
305 3321 468 3404 Pagorum
497 3323 601 3386 multa
630 3321 763 3386 nomina
791 3323 824 3386 in
852 3319 1120 3403 inscriptionibus
1149 3320 1288 3387 Rhodiis

148 3420 369 3486 inveniuntur.
423 3421 564 3506 Saepius
592 3424 678 3488 enim
707 3424 740 3488 in
769 3423 874 3489 titulis
904 3423 1023 3488 civium
1052 3423 1185 3488 nomina
1213 3444 1287 3488 cum

148 3523 328 3589 adtributis
344 3533 525 3609 occurrunt,
551 3545 635 3608 qnae
653 3524 723 3592 sine
741 3524 840 3591 dubio
857 3525 900 3590 ed
916 3547 1029 3610 pagos,
1045 3525 1102 3590 ubi
1118 3527 1187 3591 nati
1203 3534 1287 3610 sunt,

148 3625 324 3694 referenda
346 3636 430 3694 sunt.

212 3847 247 3916 I)
267 3847 454 3904 Schneiderw.
473 3867 545 3906 anm.
566 3854 589 3906 t.
684 3877 686 3884 ,

217 3935 246 4003 2)
266 3935 300 3990 R.
320 3936 357 3990 A.
377 3935 455 4005 XIV,
474 3954 501 3992 n.
520 3939 567 4005 593
587 3938 658 3994 Bull.
678 3938 712 4008 V,
732 3955 759 4006 p.
778 3937 836 4005 336,
856 3955 881 3992 n.
901 3939 942 3992 14.

217 4021 245 4088 3)
265 4022 347 4090 Ross,
365 4023 392 4078 J.
411 4022 443 4077 G.
462 4023 491 4077 J.
509 4041 537 4080 n.
556 4025 614 4078 166.

221 4107 251 4175 4)
271 4107 417 4162 Transact.
437 4108 487 4175 XI,
506 4126 533 4177 p.
552 4109 619 4177 4353
638 4109 801 4165 Athenaeus
819 4109 897 4176 VIII,
917 4109 976 4165 360.

264 4193 298 4250 R.
317 4193 352 4250 A.
370 4194 448 4261 XIII,
468 4212 513 4250 nn.
533 4198 574 4265 10,
594 4197 636 4250 12.

218 4194 559 4349 gemmeum

219 4365 541 4433 omnemne
