3096 4874
613 350 828 413 „29-

151 515 408 604 πρυτανεύσας,
438 524 503 582 tres
533 537 593 600 per
619 526 776 585 semestre
800 525 961 602 prytaneo
984 525 1112 585 creatos
1135 539 1207 586 esse
1232 539 1290 586 cx·
1382 499 1386 506 ⁴

149 622 292 702 istimat;
321 620 369 684 ita
398 627 434 684 ut
461 619 666 704 reipublicae
695 621 862 704 gerendae
886 622 1066 705 posteriore
1091 621 1220 688 demum
1244 643 1292 690 se-

150 724 264 790 mestri
293 729 495 806 praeessent.
541 723 608 790 Sex
637 731 795 808 prytanes
823 745 889 790 non
913 724 1028 796 eodem
1050 733 1196 807 ternpore
1220 726 1294 809 pari

150 832 316 911 potestate
332 824 536 909 reipublicae
552 825 743 910 praefuisse,
761 826 820 892 scd
835 846 895 910 per
911 829 1001 894 vices
1012 848 1146 894 munere
1162 827 1293 894 functos

151 951 225 996 esse
260 927 437 994 admodum
472 929 649 995 verisimile
684 936 749 1012 est,
786 950 858 995 curn
892 929 980 995 idem
1015 930 1056 996 de
1090 929 1293 996 Rhodiorum

152 1032 361 1100 senatoribus
385 1037 521 1098 constet.
560 1032 742 1098 Nectamen
765 1040 898 1116 propter
914 1011 1046 1116 Polybi
1069 1033 1162 1097 illum
1186 1035 1292 1099 locum

152 1145 220 1203 tres
253 1155 313 1220 por
346 1142 503 1201 semestre
523 1135 763 1218 magistratum
798 1135 940 1219 gessisse
972 1134 1184 1220 crediderim,
1221 1157 1293 1202 cum

153 1240 250 1306 trium
275 1245 450 1322 prytanum
473 1256 634 1321 nusquam
657 1239 779 1305 mentio
802 1239 869 1321 fiat,
896 1238 956 1304 sed
979 1243 1036 1303 aut
1059 1240 1170 1322 plures
1193 1240 1294 1304 norni-

153 1351 270 1409 nentur
303 1347 361 1406 aut
395 1359 489 1405 unus.
542 1340 667 1417 Quodsi
695 1343 878 1407 Foucartus
907 1348 1002 1425 putat
1030 1362 1072 1408 ex
1099 1342 1295 1426 prytanibus

155 1465 253 1510 unum
270 1443 366 1528 quasi
381 1443 450 1506 κατ’
469 1441 583 1528 ἐξοχήν
600 1451 771 1528 prytanem
788 1445 890 1512 fuisse
905 1464 1096 1528 summaque
1113 1465 1206 1510 usum
1223 1465 1295 1512 esse

157 1548 359 1630 auctoritate,
381 1546 464 1612 hacc
480 1565 533 1611 res
549 1547 792 1630 quodammodo
809 1568 847 1613 eo
865 1547 1083 1628 confirmatur,
1100 1547 1189 1631 quod
1205 1547 1294 1632 apud
1382 1618 1384 1622 ,

158 1672 264 1717 rerum
294 1651 470 1733 scriptores
498 1650 630 1734 saepius
663 1651 761 1716 unius
793 1657 920 1716 tantum
949 1650 1099 1735 prytanis
1128 1658 1294 1732 tamquam

159 1755 275 1820 summi
295 1754 343 1820 rei
366 1754 521 1837 publicae
544 1753 756 1836 magistratus
779 1754 901 1819 mentio
925 1754 976 1836 fit;
1000 1754 1070 1837 sed,
1094 1753 1183 1838 qnod
1198 1755 1294 1820 Paul-

163 1857 285 1937 senius,
316 1857 371 1938 qui
399 1857 477 1923 item
507 1876 607 1922 unum
638 1877 681 1924 ex
710 1858 904 1942 prytanibus
932 1864 1058 1924 ceteros
1080 1859 1134 1922 vel
1156 1859 1294 1923 alterum

162 1959 247 2044 (curn
282 1958 363 2025 dnos
395 1966 524 2025 tantum
557 1967 716 2044 prytanes
749 1959 851 2027 fuisse
886 1960 1064 2038 existimet)
1099 1961 1294 2026 auctoritate

159 2081 329 2145 superasse
357 2069 465 2147 putat,
495 2062 538 2127 ad
567 2084 659 2128 suam
690 2064 885 2130 sententiam
913 2063 1161 2146 approbandam
1185 2063 1292 2144 affert,

155 2165 189 2228 in
213 2166 352 2231 monetis
363 2166 502 2232 Rhodiis
525 2167 622 2232 unius
637 2173 763 2232 tantum
780 2166 990 2249 magistratus
1005 2167 1161 2251 eponymi
1177 2186 1295 2232 nomen

154 2269 308 2351 inveniri,
332 2277 509 2354 propterea
525 2269 644 2336 falsum
659 2276 886 2352 argumentum
903 2277 961 2354 est,
986 2268 1076 2352 quod
1091 2268 1294 2335 Rhodiorum

155 2372 381 2455 magistratum
417 2393 615 2458 eponymum
650 2378 780 2437 constat
806 2371 908 2439 fuisse
938 2393 1002 2437 non
1032 2380 1203 2457 prytancm
1235 2371 1294 2437 sed

155 2476 361 2542 sacerdotem
386 2476 465 2542 solis
475 2476 511 2562 ¹).

240 2579 316 2648 dam
347 2585 382 2644 ut
404 2587 581 2664 prytanum
604 2579 735 2662 singula
758 2577 892 2661 negotia
915 2597 1120 2662 enarremus,
1149 2577 1210 2643 toti
1233 2577 1295 2643 rei·

95 2759 99 2768 ¹
153 2682 309 2765 publicae
332 2682 613 2748 administrandae
637 2681 816 2765 praepositi
840 2687 941 2763 erant,
967 2701 1039 2746 eum
1064 2689 1096 2747 et
1111 2681 1239 2748 senatui
1263 2687 1296 2746 et

155 2784 297 2851 comitiis
320 2792 514 2869 praeessent
522 2784 559 2870 2).
594 2784 756 2868 Prytanes
780 2782 867 2848 enirn
883 2783 1071 2864 rogationes
1086 2784 1130 2849 ad
1146 2789 1295 2850 sonatum

154 2885 315 2971 ferebant,
340 2889 439 2971 quod,
463 2909 505 2954 an
529 2885 739 2954 senatoribus
762 2905 895 2968 quoque
917 2885 1056 2969 licuerit,
1082 2886 1217 2952 dubium
1237 2894 1295 2953 est.

156 2989 337 3073 Prytanum
359 2990 557 3075 rogationes,
582 3011 656 3056 cum
678 3010 700 3054 a
721 2994 837 3055 senatu
854 2990 1012 3071 probatae
1030 2997 1131 3072 erant,
1146 2991 1198 3081 'ab
1215 2989 1295 3072 ipsis

156 3092 353 3175 prytanibus
385 3094 525 3160 comitiis
548 3094 869 3178 proponebantur3),
899 3094 933 3156 in
957 3092 1076 3175 quibus
1099 3100 1157 3157 aut
1179 3093 1296 3176 proba-

95 3203 99 3210 '
155 3195 275 3260 bantur
299 3195 467 3283 (κύρωσις)
499 3204 557 3262 aut
579 3197 824 3279 rejiciebantur.
869 3195 1013 3260 Probata
1035 3202 1160 3278 autom,
1191 3202 1227 3260 ut
1249 3194 1296 3260 ef·

154 3298 338 3382 ficerentur,
362 3300 441 3366 item
463 3319 483 3363 a
505 3298 703 3384 prytanibus
727 3299 941 3381 curabantur,
965 3301 1056 3364 velut
1078 3297 1181 3381 legati
1197 3299 1239 3362 ab
1255 3298 1297 3363 iis

156 3400 410 3484 eligebanturl).
450 3403 651 3487 Prytanibns
675 3422 805 3485 quoque
829 3409 864 3466 ut
888 3401 1017 3468 senatui
1041 3400 1200 3485 praefecti
1216 3421 1297 3464 nun-

155 3504 220 3568 tios
232 3505 406 3572 mittebant
416 3504 449 3591 ⁵),
466 3504 607 3586 subjecti
618 3505 811 3588 injuriarum
824 3505 1046 3588 querimonias
1061 3503 1251 3598 referebant
1259 3503 1296 3586 ⁶),

156 3613 343 3674 exterorum
374 3609 573 3692 populorum
596 3608 700 3692 legati
723 3609 851 3674 litteras
874 3627 952 3674 suas
973 3608 1149 3674 tradebant
1157 3605 1182 3691 7)
1207 3613 1241 3672 ct
1262 3606 1297 3670 in

227 3847 256 3916 1)
275 3846 427 3915 Αθήναιον
447 3849 524 3915 1874,
543 3849 562 3902 l.
582 3863 620 3916 c,
638 3847 772 3915 Dumont,
790 3847 874 3902 inser.
894 3846 950 3904 cdr.
969 3863 997 3916 p.
1016 3848 1057 3903 76.

227 3933 256 4001 2)
275 3933 375 4004 Polyb.
395 3936 437 4004 27,
458 3935 489 4002 63
509 3935 584 4003 App.
603 3934 639 3988 dc
658 3934 685 3989 b.
705 3950 729 3989 c.
747 3935 772 4004 4,
792 3935 834 3989 66.

227 4020 254 4090 3)
270 4021 374 4090 Polyb.
393 4021 435 4090 15,
454 4021 503 4084 23;
522 4022 564 4088 27,
584 4022 608 4075 6.

225 4105 255 4176 4)
275 4106 377 4176 Polyb.
399 4107 441 4176 29,
460 4109 484 4160 4.

226 4193 255 4262 5)
275 4192 376 4263 Polyb.
396 4194 438 4261 16,
460 4193 500 4262 15,
519 4193 545 4247 8.

248 4279 257 4349 )
277 4278 377 4335 Wadd.
395 4296 423 4334 n.
442 4280 502 4334 251.

247 4364 257 4433 )
275 4363 377 4436 Polyb.
396 4365 438 4432 27,
456 4368 481 4420 4.

228 4281 245 4334 6

228 4364 243 4418 7
