3096 4874
242 1533 348 1600 Natus
380 1554 450 1598 sum
481 1534 710 1600 Guilelmus
733 1535 1003 1602 Bottermund
1027 1517 1080 1602 die
1109 1534 1149 1598 31
1174 1534 1297 1600 mensis

154 1641 238 1708 Julii
260 1661 290 1705 a.
316 1641 397 1705 1858
414 1638 447 1702 in
465 1638 587 1722 oppido
604 1639 833 1721 Hannoverae,
851 1641 904 1705 cui
920 1663 1038 1709 nomen
1055 1649 1104 1707 est
1119 1637 1293 1714 Borstel,

154 1753 249 1831 patre
272 1742 447 1807 Henrico
471 1749 573 1808 matre
596 1742 669 1807 Ida
693 1762 711 1806 e
734 1751 831 1825 gente
849 1743 1068 1829 Sohramm,
1086 1762 1293 1828 quossnper·

153 1847 247 1913 stites
275 1867 400 1912 summa
424 1867 494 1910 cum
519 1845 640 1928 pietate
667 1847 748 1911 colo.
793 1846 889 1912 Fidei
913 1847 1065 1914 addictus
1096 1869 1165 1914 sum
1195 1865 1294 1911 evan-

155 1952 291 2036 gelicae.
338 1949 523 2014 Literarnm
553 1951 723 2015 elementis
752 1951 895 2016 imbutus
924 1951 1002 2018 inde
1031 1953 1073 2017 ab
1097 1971 1183 2016 anno
1212 1950 1296 2012 tato
1353 1953 1355 1956 ’

154 2054 327 2140 gymnasia
343 2053 550 2134 frequentavi
567 2053 769 2136 Burgenae
786 2062 819 2120 et
833 2054 1156 2122 Nordhusanum.
1190 2052 1295 2119 Testi-

152 2158 297 2223 monium
316 2156 513 2221 maturitatis
529 2155 669 2239 adeptus
684 2165 860 2224 auctumno
876 2180 906 2223 a.
926 2161 1008 2225 1879
1025 2160 1152 2224 Halas
1168 2157 1295 2222 Saxo·

151 2281 243 2324 num
277 2281 328 2324 me
363 2259 503 2339 aemuli,
539 2259 595 2323 ubi
630 2279 688 2341 per
715 2278 776 2326 sex
805 2261 976 2326 semestris
1005 2262 1191 2344 linguarum
1222 2280 1293 2324 cum
1355 2296 1357 2298 -

152 2359 333 2426 recentium
356 2367 424 2424 tnm
447 2359 656 2440 antiquarum
670 2361 800 2426 studiis
821 2361 967 2426 incubui.
1009 2361 1138 2426 Scholia
1160 2345 1295 2427 interfui

153 2465 296 2528 virorum
318 2464 507 2529 illustrium:
525 2465 835 2546 Bartholomae,
853 2465 1167 2548 Dittenberger,
1184 2467 1293 2549 Elae,

153 2568 296 2651 Haym,
326 2566 608 2651 Heydemann,
638 2567 786 2650 Hiller,
819 2567 930 2646 Keil,
960 2569 1070 2650 Pott,
1094 2567 1293 2651 Schmidt,

155 2669 344 2750 Suohier,
369 2671 486 2752 quibus
508 2671 586 2734 viris
610 2670 807 2737 doctissimis
830 2672 953 2754 gratias
982 2693 1045 2756 ago
1069 2691 1167 2754 quam
1190 2672 1294 2736 maxi·

154 2794 233 2856 mas,
258 2774 415 2858 imprimis
431 2773 468 2837 V.
491 2772 543 2837 Ol.
562 2775 611 2838 W.
630 2774 939 2857 Dittenberger,
964 2775 1057 2858 cnjus
1074 2794 1174 2857 opera
1193 2780 1293 2857 atque

153 2876 276 2943 auxilio
301 2880 334 2940 in
358 2876 420 2941 hac
444 2875 673 2942 dissertatione
698 2876 924 2960 componenda
947 2877 1091 2942 maxime
1115 2895 1193 2941 usus
1213 2895 1293 2942 sum.

1192 2972 1208 3004 4
